2091 3569
170 268 209 309 164
221 261 223 264 ’
300 325 301 328 ¹
387 262 421 309 [ln
432 274 585 327 ‘rxuurrroue
597 274 755 309 anennoeton

167 395 282 441 ticulares
293 393 322 442 ab
335 393 385 442 hac
401 395 551 450 iniunctione
568 396 707 448 eximentes,
720 395 833 454 itemque,
848 397 875 441 ut
886 392 956 439 vide-

168 475 216 526 tur,
233 474 360 532 exemptio
371 475 568 521 monasteriorum
578 476 631 533 post
640 472 777 522 Concilium
788 472 957 520 Tridentinnm

137 578 138 581 =
169 549 428 606 aedificatorumpnam
441 552 485 598 cit.
499 551 626 598 adeeretnm
646 551 806 598 tridentinum
818 563 901 599 verum
913 548 959 610 joc

166 625 315 688 particulare
330 628 376 676 dici
394 629 472 684 debet,
491 632 575 691 utpote
586 630 656 691 ,quod
671 631 762 690 portam
775 631 866 675 torrium
876 626 932 675 Erat
945 651 969 660 -*

155 707 227 764 siue,
240 710 362 768 regulares
375 724 467 771 nempe,
476 713 624 772 >respiciebat
642 718 682 771 (1),
695 764 696 768 Ἰ
707 712 789 771 Neque
797 711 883 768 substat
890 710 957 757 illam
1001 758 1002 761 ,
1024 755 1025 758 ,

92 827 93 830 ,
169 786 959 850 divisionemjurisaliamquoquediversamhaberesignificatio·

169 879 234 921 nem,
247 867 280 912 ita
292 871 317 913 nt
327 880 372 926 per
373 865 418 927 jur
424 867 570 928 particulare
578 870 810 929 intelligaturetiam
822 867 881 914 illud
894 865 958 926 quod

158 945 234 1003 ¹uiget
246 947 271 991 in
284 944 363 1004 aliquo
375 949 492 994 territorio
505 948 643 996 limitatoac
655 948 813 995 determinato
834 947 876 1003 (2l;
902 956 957 992 oum

169 1024 236 1068 enim
248 1023 327 1070 Codex
337 1024 424 1071 nullibi
436 1024 597 1074 definitionem
611 1026 720 1087 praebeat
731 1024 851 1085 ejusmodi
862 1023 959 1071 divisio-

159 1100 210 1148 nis
218 1101 289 1160 J'uris
302 1106 365 1149 stare
376 1101 491 1151 debemus
502 1109 627 1152 auctorum
643 1103 858 1165 explanationibus,
876 1100 959 1148 Susti-

156 1206 157 1209 =
171 1191 228 1226 nere
239 1193 295 1239 ergo
312 1181 367 1228 licet
381 1183 502 1242 regulares
513 1186 554 1243 qui
566 1187 619 1244 post
636 1183 806 1231 Tridentinum
819 1179 960 1228 eximeban-

167 1260 234 1306 tura
246 1259 351 1318 praelata
362 1260 489 1317 solutione,
502 1263 624 1309 immunes
645 1275 738 1321 quoque
750 1264 802 1320 post
812 1258 909 1306 Codicis
921 1258 959 1303 vi-

157 1340 251 1396 ‘gore'm
265 1338 294 1384 ab
305 1338 346 1385 illa
359 1352 488 1385 remanere.
548 1375 550 1379 Α
668 1394 669 1398 ¹
735 1376 736 1381 ,
850 1377 851 1380 ,

209 1447 212 1451 «
262 1413 363 1464 Notetor
373 1417 477 1477 denique
489 1419 618 1478 parochum
633 1417 695 1466 haud
708 1430 786 1477 posse,
797 1418 894 1475 excepta
903 1415 960 1473 jus·

171 1496 202 1540 ta
212 1498 235 1539 et
251 1496 317 1553 graui
334 1508 407 1543 causa
422 1496 452 1543 ab
469 1494 654 1543 Ordinarioloci
665 1494 825 1556 approbanda,
838 1493 960 1551 regulares

173 1570 293 1631 prihibere
309 1572 339 1618 ab
356 1574 521 1621 interessendo
535 1575 674 1622 deductioni
686 1573 829 1620 cadaverum
840 1571 871 1617 ari
882 1571 960 1618 eccle

159 1677 160 1680 =
172 1652 231 1696 siam
243 1650 335 1697 funeris
346 1654 369 1697 et
381 1653 410 1698 ad
422 1652 580 1711 sepulturam,
591 1653 629 1700 vel
639 1653 718 1713 lunari
729 1650 873 1704 assistendo,
886 1650 906 1694 si
923 1648 961 1694 i'a-

172 1728 239 1777 milia
249 1729 286 1776 vel
299 1729 396 1787 heredes
408 1744 447 1778 eos
459 1732 573 1779 advocare
584 1721 658 1779 velint
669 1733 699 1788 (c.
713 1736 771 1777 1233
782 1742 831 1790 par.
846 1731 876 1785 1).

209 1862 211 1865 .
262 1819 316 1867 XX.
351 1821 386 1867 Du
405 1834 570 1868 aasenunurm
586 1814 722 1869 ruruaurori
742 1808 960 1866 erisoorlnIS.ss·-ln

105 1915 106 1918 ¹
175 1897 249 1957 lupus
260 1900 410 1958 quaestionis
421 1904 550 1946 antecessu
566 1901 686 1948 advertere
699 1897 844 1959 juvabithic
863 1897 961 1943 minime

172 1978 211 2035 agi
220 1976 256 2023 =de
272 1977 402 2024 interdicto
418 1977 488 2025 locali
503 1980 532 2025 ab
549 1979 663 2039 Episcopo
676 1978 724 2025 lato
735 1980 761 2025 in
773 1979 837 2038 ipsas
848 1975 961 2024 ecclesias

172 2055 293 2114 regulares
305 2054 343 2114 (de
356 2055 402 2103 hoc
414 2059 477 2104 enim
489 2056 566 2104 sernio
580 2059 623 2104 erit
637 2058 784 2117 insequenti
796 2055 916 2116 capitular
929 2053 962 2099 lo-

173 2135 271 2193 quimur
282 2137 379 2182 tautum
389 2135 423 2182 de·
429 2136 555 2196 episcopali
564 2136 694 2204 'interdicto
706 2136 756 2181 sive
767 2132 873 2193 generali
884 2135 909 2180 in
923 2145 963 2191 pa·

174 2214 278 2259 roeciam
294 2216 345 2260 sive
361 2214 502 2272 particulari
515 2216 539 2261 in
552 2215 676 2261 ecclesiam
689 2213 725 2260 vel
736 2212 814 2261 locum
825 2211 854 2259 ad
865 2211 961 2269 regula·
1032 2211 1036 2217 ‘

174 2304 212 2337 res
225 2304 271 2338 uon
279 2293 449 2351 pertinentem.
460 2294 487 2340 Iu
498 2295 573 2353 primo
584 2307 642 2340 casu
650 2306 692 2340 seu
704 2291 798 2352 quando
807 2290 962 2348 interdictum

174 2369 250 2417 lertur
266 2371 292 2416 in
307 2372 567 2418 territorium‘alicuius
579 2361 701 2431 paroeciae
713 2360 876 2428 [interdictum
887 2367 963 2414 locale

174 2448 303 2507 generale),
323 2450 386 2515 illud]
403 2452 491 2497 servari
510 2449 578 2497 debet
596 2450 778 2509 aragularibus‚
800 2450 847 2494 nisi
864 2444 965 2507 speciale

175 2527 328 2586 privilegium
347 2529 373 2573 in
391 2517 539 2575 contrarium
558 2528 661 2574 habeant
676 2532 703 2583 (a.
722 2530 798 2585 2669),
813 2531 835 2572 et
850 2526 895 2573 hoc
907 2527 964 2585 qui-

176 2605 231 2652 dem
242 2606 315 2653 etlam
331 2595 476 2666 inpropriis
492 2607 600 2653 ecclesiis
611 2610 676 2654 intre
686 2595 833 2654 territorium
845 2604 964 2652 interdic-

175 2685 301 2739 tunrsitim
319 2684 361 2730 sed
378 2698 433 2733 cum
450 2689 644 2744 temperamentis
657 2687 733 2733 allatis
744 2687 770 2731 in
784 2698 836 2731 can.
850 2689 963 2736 2270-71,

224 2887 251 2932 (l)
277 2886 305 2921 Ait
319 2890 363 2921 euim
377 2889 398 2921 cl.
409 2887 472 2921 lineato
481 2889 496 2920 in
507 2899 536 2920 suo
546 2900 574 2932 op.
586 2880 756 2939 instituciopes'de
764 2886 851 2923 Deraalro
858 2884 912 2924 Gan..
922 2893 963 2918 tour.

176 2947 191 2983 i.
203 2960 219 2983 n.
230 2948 260 2989 243
272 2948 303 2983 «El
315 2947 386 2993 primurn
396 2948 480 2992 (Derecho
491 2947 581 2990 universal,
591 2949 659 2992 general
670 2961 678 2981 ο
688 2947 756 2990 eumue)
765 2959 783 2979 se
796 2947 872 2980 extremis
882 2958 891 2980 a
901 2946 940 2978 toda
950 2946 965 2978 lu

176 3008 246 3051 Iglesiu.
260 3009 275 3042 el
289 3009 366 3053 segundo
375 3009 473 3054 (derecho
482 3007 597 3053 particular.
607 3011 696 3053 eapaololo
705 3009 790 3053 singular)
803 3021 813 3041 u
827 3018 873 3053 parta
883 3008 903 3040 de
912 3007 964 3040 ullu»,

224 3086 251 3134 (2)
277 3088 327 3122 stirs
342 3100 363 3122 en
381 3100 429 3122 razon
439 3089 510 3133 corruel
520 3089 583 3122 ambito
593 3100 602 3121 o
611 3091 697 3123 extensius
707 3088 740 3134 (del
750 3088 834 3122 Derechol
844 3089 896 3132 pariaris
904 3095 964 3119 ericen-

176 3149 225 3183 *terso
238 3160 249 3192 y
262 3143 374 3193 distinguirse
387 3149 410 3183 ‹le
418 3149 486 3183 mochus
497 3160 580 3188 rannerus.
591 3159 635 3182 cuca
649 3160 734 3194 proponam
748 3160 795 3182 corno
808 3151 842 3181 ruris
852 3148 939 3192 areptuirla
949 3147 975 3179 la

176 3207 262 3252 siguinus
271 3208 349 3244 dlvlslcn:
361 3210 467 3245 Uarecum...
478 3208 594 3253 particular.
604 3211 618 3243 ei
628 3221 660 3254 que
670 3208 705 3252 rige
714 3221 734 3242 en
744 3211 795 3253 algon
807 3207 889 3242 territorio
900 3208 966 3241 liuritu-

176 3272 198 3305 do*
207 3284 217 3315 ‚t
227 3270 388 3308 determlnado...cii
397 3272 471 3312 Murato,
481 3270 493 3305 i.
504 3282 518 3304 a.
546 3296 548 3301 ,
