2091 3569
164 283 166 285 ,
177 236 206 277 94
390 230 424 276 nc
436 229 586 277 aiennrroun
597 239 756 279 nacnnamnu

177 361 265 410 debent
275 363 456 422 congregationi
467 364 680 420 missiuuariornm
691 364 720 411 ad
730 370 901 412 normamcan.
913 370 965 411 303.

268 442 369 496 Domum
382 442 460 502 quoad
471 440 602 489 discessum
617 457 630 490 a
642 432 754 491 Missione
763 444 850 490 statuit
860 433 912 490 can.
924 449 966 488 307

127 512 129 515 ’
178 533 226 580 par.
251 522 319 566 tut
340 520 430 579 absque
452 522 519 567 venia
540 519 607 567 Sedis
629 521 782 581 Apostolic‘ae
805 521 907 579 Vieariis
929 521 966 566 vel

177 598 307 645 Praefectis
319 599 464 658 Apostolieis
477 612 523 645 nun
536 599 607 646 liceat
617 600 755 647 facultatem
768 600 896 647 concedere
910 602 965 646 mis-

177 677 291 723 sionariis
304 677 430 725 deserendi
443 676 468 722 19
474 680 609 737 perpetuum
620 680 762 726 vicariatum
779 681 820 725 aut
831 678 965 738 praelectu—
1022 673 1024 677 ’

177 768 236 808 ram,
254 755 331 814 (quod,
344 759 423 802 tameo
440 755 519 804 licebit
536 758 555 803 si
572 757 620 804 aS.
637 756 663 803 Ο.
677 756 789 817 de'Prop.
803 753 967 805 Fidelitteras

177 834 266 894 quibus
276 834 312 881 illi
324 837 466 882 missionarii
478 837 660 882 constituuntur
669 836 779 883 nondum
791 837 967 892 obtinuissent)

177 912 213 957 vel
233 913 280 964 alio
298 909 448 969 transeundi,
470 927 514 961 nec
533 928 579 964 eos
592 928 685 975 qnoque
704 914 831 975 expellere.
849 913 967 977 {Expulsio

179 1003 233 1037 vero
244 979 310 1037 licita
322 992 368 1037 erit
378 994 402 1038 in
416 1005 475 1038 casu
486 982 581 1039 tantum
597 984 802 1053 publiui'suuuduli
818 993 840 1038 et
857 1005 967 1052 praemo-

178 1071 237 1122 nito,
248 1072 366 1129 quantum
377 1069 427 1116 lieri
436 1073 523 1130 posset,
537 1071 662 1130 Superiora
674 1062 786 1130 regulari.
800 1071 881 1117 audito
894 1071 966 1116 etiam

177 1147 292 1202 Consilio,
305 1148 334 1194 de
346 1162 392 1208 quo
404 1151 429 1195 in
441 1162 496 1195 can.
509 1151 594 1206 39219,
609 1156 649 1197 307
663 1164 712 1209 par.
721 1152 759 1205 a).
773 1170 774 1173 ¹
819 1143 821 1145 ’

268 1245 297 1291 ll.
310 1245 344 1291 Da
353 1252 517 1293 acunnsmuun
526 1230 874 1305 uecroeicns.-Saccrdosqui
883 1257 967 1291 euram

102 1324 103 1327 ’
177 1324 237 1381 gerit
249 1323 364 1370 ecelesiae
375 1324 404 1370 ad
416 1325 537 1384 regulares
550 1325 701 1383 pertinentia,
714 1338 775 1383 quae
787 1337 831 1370 nec
850 1324 967 1382 paroecia·
1006 1372 1008 1376 ,

178 1401 207 1447 119
219 1404 263 1456 991,
276 1415 321 1449 nec
333 1401 424 1449 adnexa
434 1393 639 1461 dcnrui'regnlari,
650 1403 716 1449 illius
724 1400 824 1447 rarioris
835 1402 931 1449 nomine
942 1403 966 1447 in

177 1481 228 1537 iure
241 1481 307 1525 vemt
319 1482 350 1536 (e.
364 1487 406 1527 419
420 1494 468 1541 par.
485 1484 514 1538 11.
527 1482 561 1528 De
573 1482 776 1540 apscstatunean.
790 1486 835 1527 489
845 1493 892 1539 par.
907 1487 929 1534 2,
941 1480 967 1524 ut

179 1557 256 1604 liceta
268 1556 396 1617 Superiore
407 1560 554 1613 nominetur,
564 1558 757 1619 approbationem
766 1558 874 1605 obtinere
880 1557 968 1604 'debeat

161 1675 163 1678 .
177 1637 206 1682 ab
219 1635 344 1701 Ordinario
356 1633 410 1683 luci.
424 1639 536 1684 Attamen
550 1637 611 1694 baec
620 1630 756 1697 approbatio
769 1635 831 1683 nibil
848 1636 913 1682 alind
925 1637 967 1682 im-

179 1717 265 1773 portat,
283 1718 311 1762 ut
326 1719 391 1762 recte
407 1716 525 1762 obserbat.
535 1717 595 1774 Aug,
608 1716 637 1763 ll.
652 1730 674 1774 p.
688 1723 740 1771 5814
752 1729 823 1775 quam
837 1714 966 1774 simplicem
1016 1707 1017 1710 ’

178 1793 370 1840 ratihabitionem
386 1795 515 1841 voluntatis
531 1794 630 1842 Praelati
648 1794 773 1853 regularis,
793 1807 837 1841 nec
849 1793 892 1851 jus
909 1797 963 1858 conj

177 1871 222 1917 iera
244 1873 363 1930 praedicto
383 1870 641 1921 Ordinari'o'rectorem
661 1875 840 1932 praesentatum
862 1871 967 1917 exaurini

138 1999 140 2002 .
178 1949 333 2008 subjiciendi,
351 1964 380 1997 ex
395 1965 421 1997 eo
439 1954 564 2010 pausertim
575 1951 638 2011 quod
652 1965 740 2012 narinus
754 1951 820 1998 illius
833 1950 896 1996 bared
911 1963 965 2009 pru-

179 2029 228 2087 prie
248 2033 356 2076 versatur
374 2031 437 2076 cirea
455 2043 537 2085 curam
557 2026 701 2085 animarum⁷
719 2032 798 2089 pronti
819 2028 922 2075 19191191
940 2041 967 2072 ex

178 2113 287 2154 9919491
296 2143 300 2151 .

268 2198 294 2244 In
309 2199 408 2246 ecclesia
419 2199 467 2245 sibi
477 2200 604 2246 commissu
615 2202 693 2246 rector
705 2195 879 2259 potestdlnina
891 2197 967 2243 oliicia
989 2211 992 2216 ·

178 2278 250 2322 etiam
270 2278 396 2324 sollemnia
412 2278 540 2333 celebrare,
558 2278 630 2323 salvis
643 2265 756 2337 legitimis
768 2278 919 2325 fundationis
932 2275 966 2320 le-

177 2355 250 2413 gibus
269 2361 293 2401 et
311 2355 440 2403 dnmmodo
463 2369 511 2402 non
530 2345 630 2404 nuceant
648 2358 786 2404 ministerio,
798 2353 923 2415 paroeciali
935 2355 957 2408 (c

157 2426 159 2430 ’
178 2438 240 2490 aaut
258 2433 396 2497 functiones
414 2438 468 2482 vero
486 2437 577 2494 proprie
595 2435 738 2495 paroeciales
756 2436 840 2493 nequit
857 2445 968 2492 peragere

178 2514 208 2568 (c.
227 2515 289 2569 481).
307 2514 374 2560 Inter
392 2513 434 2560 bas
446 2500 584 2561 autemnon
597 2517 770 2573 computantur
782 2511 968 2558 Benedictiones
1005 2544 1007 2547 .

171 2592 303 2647 *Cinerunn
315 2593 450 2639 Palmarum
462 2595 484 2638 et
497 2579 662 2648 Candelarunr,
676 2596 758 2651 utpote
768 2604 829 2650 qriae
841 2603 890 2636 non
902 2591 968 2635 inve-

165 2686 166 2689 *
181 2672 412 2729 uinntunenprcssac
424 2674 448 2717 in
461 2686 512 2718 ean.
525 2669 631 2718 462,0tr.
644 2671 730 2718 decret.
743 2669 767 2716 S.
781 2668 808 2715 O.
823 2669 849 2715 11.
864 2666 969 2715 [1111991

181 2749 256 2798 09119.
267 2764 306 2796 an.
320 2749 459 2796 1799118.
473 2749 497 2796 S.
511 2751 529 2805 L
543 2764 565 2809 p.
579 2756 629 2796 591.
643 2749 690 2796 Nec
699 2750 742 2808 Jus
754 2752 791 2794 991
803 2745 907 2812 parocho
919 2757 969 2804 per-

63 2821 66 2831 *
132 2890 133 2893 Ἴ
179 2829 282 2889 cipiendi
295 2828 399 2876 fidelium
411 2828 544 2875 oblationes
555 2841 616 2887 quae
629 2827 693 2874 hisce
705 2828 816 2873 eeclesiis
829 2825 898 2871 fiunt.
917 2823 966 2870 Oir.

178 2915 207 2954 A.
227 2907 251 2953 S.
269 2907 293 2954 S.
313 2908 343 2955 H.
357 2922 379 2967 p.
398 2914 489 2953 oli-18.
503 2908 588 2955 licetur
599 2906 693 2966 quidem
708 2910 804 2952 tenetur
816 2903 912 2953 obedire
924 2886 966 2950 loci

178 2988 313 3034 Ordinatio·
323 2988 478 3046 praecipienti
496 2991 522 3032 ut
534 2985 600 3031 horis
611 2986 698 3045 populo
710 2983 908 3033 commodioribus
920 2980 968 3027 oili·
1005 2998 1007 3001 ’

177 3070 214 3115 919
231 3066 345 3121 celebret,
364 3064 474 3111 fidelibus
491 3064 541 3129 dies
557 3064 631 3110 festos
648 3077 674 3109 ac
688 3064 784 3122 JeJnnia
802 3061 930 3108 denuntiet
945 3063 967 3104 91

178 3145 354 3193 99199199119991
379 3145 566 3190 instructionem
595 3148 617 3188 91
641 3142 755 3201 evangelii
784 3139 968 3199 explicationem

178 3224 265 3287 tradat,
284 3223 325 3269 sed
341 3222 388 3269 hoc
406 3221 568 3269 condicionate
580 3221 679 3275 scilicet,
692 3222 711 3267 si
725 3219 835 3275 ecclesia,
849 3206 968 3265 Ordinarii
