2091 3569
143 284 146 288 ⁴
176 264 218 309 118
394 260 427 306 Da
438 271 588 307 uxanrrroun
600 271 761 307 nneunrarun

174 392 287 445 tatis‘ian
305 393 392 446 coacta,
406 405 443 451 ‘an
463 391 561 440 seducta
577 392 617 446 sit,
635 404 666 438 an
682 392 743 438 sciat
761 392 819 451 quid
835 393 899 451 agat)
913 405 961 438 non

174 474 252 517 autem
267 459 404 517 idoneitatis
416 483 429 517 a
442 470 580 518 Tridentino
592 471 625 536 (et
637 483 702 518 nunc
715 483 728 516 a
740 469 836 531 Codice)
848 471 963 520 commis·
1003 458 1005 464 ’

174 562 199 596 sa
211 550 275 596 est»,
283 548 386 595 Notatur
396 551 496 609 insuper
512 548 657 608 praedictam
670 536 805 595 voluntatis
816 550 961 613 exploratio-

174 639 230 673 nem
241 639 289 674 non
301 640 369 687 posse
381 627 536 695 Episcopum,
549 628 674 687 postquam
687 628 828 675 certioratus
845 628 900 681 init,
913 627 963 675 dii-

173 706 233 754 lerre
253 706 436 765 ultratrigiuta
455 705 514 760 dies,
533 708 604 752 antea
623 719 679 753 vero
695 706 759 752 ultra
771 706 919 765 quindecim,
932 719 962 752 ex

174 779 317 845 praescripto
335 784 368 831 Pii
386 784 407 831 V
424 783 495 839 (laud
515 787 589 831 const.
609 797 646 844 ap.
659 785 774 840 Ferraris,
793 791 813 830 r.
831 798 853 830 e.
868 797 909 832 nn.
924 790 961 839 69,

174 865 225 919 95);’
236 859 448 922 aitaercperr‘cras
459 862 587 921 regulares
607 863 667 923 ipsis
685 848 786 922 triginta
798 861 884 909 diebus
897 865 963 908 tran-

174 943 273 995 sanctis‚
292 943 400 1000 possunt,
413 954 440 987 eo
451 941 597 996 inconsulto,
615 940 644 988 ad
656 941 817 1000 receptionem
829 941 852 986 et
870 940 961 987 admis-

175 1020 268 1065 sionem
288 1018 419 1078 procedere,
441 1022 509 1079 prout
530 1018 689 1067 declaraverat
707 1018 830 1079 praelatad.
852 1017 962 1065 Pontifex

174 1100 198 1143 in
214 1097 296 1144 eadem
315 1097 498 1152 constitutione,
519 1111 576 1158 quae
594 1099 630 1144 in¹
641 1096 685 1144 hac
704 1098 804 1144 materia
823 1097 962 1156 legitimum

175 1177 298 1224 constituit
313 1177 519 1234 interpretationis
532 1177 665 1223 criterium.
682 1175 730 1224 Gir.
749 1189 802 1222 can.
822 1182 834 1221 6
847 1187 888 1222 nn.
903 1169 924 1228 ²2,
939 1171 964 1220 3.v

132 1286 137 1294 ι
174 1252 313 1310 Quinimmo
332 1253 440 1301 deiectus
457 1254 627 1314 explorationis
642 1248 784 1308 voluntatis,
803 1255 875 1301 etiam
891 1266 963 1313 prop·
1035 1244 1037 1249 ⁴

175 1320 213 1378 ter·
221 1334 333 1379 omissam
341 1332 455 1392 Episcopi
467 1334 631 1395 monitionem,
646 1346 695 1380 non
706 1335 785 1381 irritat
801 1333 963 1392 receptionem

174 1402 211 1457 vel
230 1411 409 1471 professionem.
434 1411 468 1469 (l)
491 1411 599 1459 Graviter
617 1414 697 1459 tamen
716 1411 800 1460 illicita
819 1411 881 1458 ioret
907 1411 963 1458 talis

174 1492 280 1545 omissio,
293 1491 328 1536 nti
340 1489 424 1538 docent
436 1492 544 1537 auctores
556 1490 609 1546 (cfr.
622 1490 714 1539 Mocch.
725 1504 749 1537 n.
761 1492 847 1546 staret
858 1489 963 1536 infertur

174 1581 187 1614 e
206 1569 333 1615 sanctione
344 1569 461 1628 poenalia
476 1567 558 1616 Codice
567 1571 656 1622 statuta
665 1572 691 1616 in
706 1570 850 1616 antistitam
862 1573 960 1630 contra-

174 1646 307 1706 iacientem,
320 1648 602 1707 cujusoommentarium
615 1648 717 1695 inferius
731 1648 864 1706 praebetur.

258 1736 295 1791 b.)
326 1736 362 1782 Da
374 1748 509 1783 ’sanceronis
525 1732 858 1796 Anrnsrrmu'.-Subduntur
869 1748 963 1794 quoque

177 1813 291 1860 moniales
304 1817 430 1874 exemptae
438 1813 560 1862 ordinario
570 1814 616 1860 loci
628 1814 706 1874 quoad
717 1814 859 1861 electionem
879 1814 962 1858 Antis·
986 1827 988 1829 ’

174 1892 232 1937 titae
244 1893 391 1947 monasterii,
405 1896 525 1952 quatenus
536 1894 586 1953 ipse
598 1895 739 1953 tempestive
752 1894 843 1939 moneri
852 1886 922 1938 debet
933 1890 962 1936 de

174 1968 246 2016 dieat
259 1971 314 2017 hora
325 1971 457 2027 electionis,
472 1974 511 2018 oui
524 1974 601 2031 potest
612 1985 661 2019 una
675 1985 730 2018 cum
747 1971 875 2031 Superiora
888 1983 961 2028 regu-

174 2047 218 2094 lari
228 2062 304 2109 perse
313 2050 363 2108 ipse
375 2049 412 2095 vel
422 2064 462 2110 per
473 2051 544 2097 alium
556 2053 676 2104 assistere,
689 2054 712 2096 et
720 2052 741 2096 si
752 2052 859 2104 assistat,
871 2062 962 2107 praees-

175 2139 200 2173 se
211 2127 274 2182 (can,
288 2134 331 2174 506
343 2141 391 2187 par.
400 2130 437 2182 ¹2).
450 2129 511 2175 Huic
524 2129 579 2174 novi
587 2129 652 2188 juris
666 2128 820 2187 dispositioni
828 2128 880 2186 jam
893 2140 962 2186 prae-

107 2213 109 2215 ’
174 2207 278 2252 cesserat
298 2206 440 2253 constitutio
456 2206 561 2266 Gregorii
573 2206 617 2253 XV
629 2204 785 2252 Iouerniahc'lc'
796 2218 867 2265 supra
880 2206 960 2252 citata.
987 2220 990 2225 ¹

173 2283 307 2343 Episcopus
327 2298 382 2331 vero
401 2288 505 2346 itemque
527 2284 640 2345 Superior
654 2285 780 2343 regularis,
795 2285 836 2344 qui
848 2283 960 2330 electioni

171 2358 302 2416 assistunt,
314 2366 436 2423 nequeunt
449 2364 539 2422 ingredi
551 2365 695 2418 clausuram
716 2363 778 2423 quod
789 2364 839 2421 jam
853 2374 963 2422 praecep·
1024 2383 1026 2385 ν

174 2445 227 2487 tum
238 2440 308 2488 inita
328 2441 475 2498 Tridentino,
488 2456 509 2488 c.
523 2449 534 2510 7
546 2457 605 2490 sess.
619 2448 654 2498 25,
671 2442 711 2488 ubi
724 2442 822 2501 legitur:
843 2436 909 2501 «...is‘
920 2440 962 2498 qui

105 2567 106 2570 ,
175 2520 424 2579 θ]οοι1οηἰ’ρνᾶθθεῑ.,.
447 2522 550 2569 claustra
571 2522 709 2567 monasterii
730 2533 780 2566 non
799 2518 961 2578 ingrediatur,

174 2597 215 2644 sed
233 2595 296 2644 ante
305 2598 470 2647 cancellorum
487 2599 635 2647 fenestellam
646 2602 701 2645 vota
713 2598 866 2658 singularum
879 2596 960 2643 audiat

174 2678 211 2724 vel
230 2679 356 2739 accipiat.»
374 2677 398 2724 Si
419 2679 462 2725 loci
482 2678 618 2726 Ordinarius
637 2680 754 2726 invitatus
773 2679 871 2724 assistat
886 2676 924 2723 die
938 2679 962 2722 et

166 2757 231 2803 'liora
243 2769 256 2801 a
267 2756 395 2816 Superiora
406 2757 510 2815 regulari
522 2758 636 2816 asignato,
649 2759 699 2816 ipse
710 2759 747 2803 cst
761 2765 856 2816 praeses
867 2757 961 2818 ratione

176 2835 284 2882 lionoris¹
294 2837 317 2881 et
329 2834 476 2890 directionis3
495 2848 587 2894 praeses
607 2849 661 2881 vero
675 2835 802 2882 ellectivns
823 2836 915 2880 ratione
922 2834 961 2892 ju·

174 2913 329 2972 risdietionis,
343 2914 378 2958 nti
390 2914 484 2959 constat
496 2927 524 2960 ex
535 2914 598 2960 dioto
610 2905 663 2960 can,
678 2921 720 2961 506
732 2926 782 2973 par.
795 2919 817 2966 2,
829 2913 866 2958 est
889 2911 961 2958 Prae-

173 2991 237 3045 latus
248 2989 374 3050 regularis,
386 2990 415 3037 ad
427 3004 496 3050 quem
508 2993 599 3052 spectat
614 2994 637 3038 et
659 2992 762 3049 sufragia
785 2992 888 3048 recipere
910 2988 940 3047 (oi
954 3025 959 3034 .

312 3141 313 3145 ,
319 3142 321 3145 ,

221 3208 247 3253 rl)
273 3207 308 3243 Clr.
325 3208 425 3252 Fugitanos.
441 3195 463 3242 lili
481 3198 558 3248 mecm,
571 3222 585 3244 c,
597 3209 642 3250 8,‘et
653 3210 743 3248 llarteneci
753 3221 781 3254 ap.
792 3208 868 3251 Mocch„
881 3206 896 3242 1,
907 3195 931 3247 e.,
943 3200 959 3240 n.

173 3264 214 3306 512ς
226 3266 285 3306 Bouix,
297 3266 308 3304 l,
318 3279 335 3311 p.
346 3265 387 3307 653;
398 3267 482 3305 Ferrores,
490 3267 555 3304 Theoi.
567 3268 624 3310 Mor„
633 3267 654 3306 ΙΙ,
665 3280 674 3300 n
694 3266 734 3308 191,
746 3279 790 3311 resp.
802 3268 819 3301 4,
