2091 3569
408 246 441 291 DIl
454 258 606 293 iixnllpiioun
618 241 781 311 nriuiJLairIUni

287 379 398 425 Ceterum
413 378 474 425 nihil
487 379 573 431 obstat,
588 373 718 438 quominus
731 376 870 442 Ordinanus
882 381 933 425 sire
948 392 988 438 per

196 471 230 511 se,
243 459 293 503 sive
305 471 345 516 per
356 459 421 504 viros
433 460 459 504 in
471 460 568 504 materia
581 459 678 516 peritos,
692 460 745 516 agat
759 459 786 505 de
803 458 925 518 privilegio
939 457 987 504 du-

198 536 234 583 bio
246 550 325 584 coram
335 530 469 597 'Superiora
482 536 593 603 regulari
609 536 666 584 haee
679 538 743 604 enim
756 540 920 598 interpretatio
931 537 994 584 'doc-⁵

196 616 290 663 trinalis
303 618 326 662 et
338 616 454 680 directiva
468 617 527 675 ipsis
548 630 596 663 non
617 619 719 665 vetatur.
731 628 732 631 ’
742 617 839 677 Semper
859 631 913 664 vero
934 609 987 676 prae

158 680 160 684 ’
195 695 269 742 oculis
282 693 365 753 haberi
376 694 464 742 debent
478 696 574 758 regulae
585 709 626 755 pro
643 697 840 755 interpretatione
852 682 987 756 privilegio·
1025 740 1027 746 ,

154 788 156 791 ·
196 773 248 842 rum
260 775 289 821 ab
301 775 441 821 auctoribus
453 776 589 834 propositae
601 778 624 821 et
636 789 649 821 a
673 775 760 840 (lodice
781 777 941 835 praescriptae
961 777 985 826 iri

195 866 230 899 ce.
246 859 273 898 68
287 854 310 898 et
324 860 361 907 50;
375 847 504 913 exquibus
515 853 592 912 liquat
608 854 712 913 amplam
723 856 831 913 oportere
843 853 986 913 interpreta—

194 933 283 978 tionem
294 931 369 979 tribui
380 932 529 990 regularium
542 932 743 992 exemptionibus,
757 934 838 992 utpote
850 946 910 993 qnae
930 936 986 978 sunt

197 998 319 1069 privilegia
332 1011 357 1055 in
365 1012 422 1069 jure
434 1013 559 1074 communi
571 1014 693 1066 contenta,
707 1026 767 1071 quae
776 1013 825 1058 vim
836 1012 898 1070 legis,
910 1014 932 1057 et
943 1012 987 1070 ju-

191 1090 228 1135 ris
239 1089 375 1145 communis
384 1082 489 1136 habent.
502 1090 564 1136 Hinc
575 1075 645 1137 etiarn
658 1091 760 1155 infertur
778 1090 901 1150 regulares
922 1089 986 1137 hand

196 1169 271 1215 teneri
282 1167 312 1215 ad
324 1167 459 1228 probandas
470 1182 527 1215 suas
537 1158 712 1223 immunitates,
727 1172 775 1216 nisi
787 1171 812 1215 in
823 1183 877 1217 casu
890 1182 936 1229 quo
947 1182 987 1232 per

196 1246 318 1294 indultum
330 1246 449 1306 peculiare
461 1243 598 1294 eximantur
609 1247 638 1308 ab
654 1242 828 1308 Episcoporum
838 1248 986 1309 jurisdictio-

166 1334 168 1338 ’
196 1338 225 1370 ne
237 1326 261 1371 in
277 1326 374 1372 materia
386 1327 445 1385 ipsis
457 1340 568 1386 expresse
580 1340 592 1372 a
605 1309 692 1374 Godlce
701 1326 820 1389 subjecta.
832 1327 899 1374 'lunc
911 1328 985 1388 enim,

195 1394 291 1461 probari
300 1404 330 1449 ab
341 1404 461 1463 allegante
472 1408 591 1464 exemptio
603 1384 681 1460 debet,
695 1399 821 1463 (nisi'alias
833 1407 984 1466 privilegium

194 1477 258 1529 istud
271 1477 446 1540 sii'notorinm)
459 1475 514 1543 quia
523 1486 559 1530 est
570 1485 627 1543 qnid
635 1484 700 1545 iafcti,
711 1485 774 1544 quod
785 1474 926 1542 regularIter
939 1497 987 1542 non

193 1563 363 1620 praesumitur,
376 1564 518 1620 praesertim
529 1565 556 1609 in
568 1565 647 1609 nostro
659 1567 725 1627 casu,
740 1563 780 1609 ubi
791 1552 901 1608 locorum
914 1554 968 1608 Ordi

194 1633 255 1687 narii
268 1642 489 1701 praesumptionem
500 1644 527 1687 in
539 1640 687 1695 contrarium
699 1641 787 1698 injure
797 1642 921 1706 communi
930 1638 990 1685 iun?

194 1718 272 1766 datam
288 1718 384 1775 habeut
399 1719 426 1767 ac
439 1720 538 1779 pronide
551 1719 666 1779 probandi
685 1731 749 1765 euris
772 1718 885 1775 rejiciunt
898 1720 922 1764 in
935 1719 986 1764 Arl-

154 1818 155 1821 ¹
174 1822 175 1825 =
194 1799 334 1845 versarium.
346 1797 396 1845 Cir.
410 1797 531 1845 Sehmalx.
545 1812 570 1844 u.
584 1804 635 1844 266.

223 1915 224 1918 =
244 1913 246 1917 ·
283 1885 582 1945 Notetnrtandenrquod,
604 1878 755 1945 perdurante
768 1885 840 1933 dubio
861 1900 985 1946 quousque

194 1960 341 2011 se-'cxtendat
352 1967 472 2024 exemptio
483 1968 508 2011 iu
520 1965 600 2024 aliquo
614 1978 684 2026 casn,
698 1966 721 2010 et
734 1966 829 2011 interim
849 1962 987 2028 instituitur

193 2055 306 2103 recursus
318 2035 347 2089 a'd
359 2041 445 2089 Sedern
456 2043 632 2103 Apostolicam‚
652 2042 753 2097 «melior>
765 2044 802 2089 est
820 2042 921 2090 conditio
933 2057 985 2102 pos·

193 2108 317 2175 sidentis»,
330 2121 355 2167 id
367 2124 412 2175 est,
425 2122 557 2180 regulares,
571 2123 611 2181 qui
624 2121 731 2180 generali
740 2121 846 2180 gaudent
856 2124 986 2181 exemptio·
1036 2137 1038 2142 ⁴

196 2212 232 2254 ne,
246 2199 285 2246 illa
298 2202 397 2259 possunt
411 2202 447 2247 uti
461 2200 609 2259 usquedum
622 2199 757 2259 Episcopus
766 2213 848 2246 eorum
857 2200 985 2256 subiectio·

194 2290 249 2323 neni
260 2282 284 2324 in
298 2276 344 2325 hoc
357 2281 448 2338 puncto
460 2277 524 2325 clare
536 2278 681 2337 probaverit.
703 2278 739 2324 lta
758 2279 893 2332 Priimmer,
917 2279 984 2344 Mara,

193 2358 216 2402 Ι,
229 2355 291 2403 mter.
304 2359 363 2403 tom.
377 2357 399 2404 ll
413 2356 539 2416 necatae.
553 2356 579 2413 Q.
595 2364 645 2412 177,
658 2345 715 2403 edit.
732 2363 796 2411 190st
820 2355 940 2402 Schnraln.
960 2370 984 2403 n.

195 2422 236 2481 277
249 2427 286 2494 sp.v
299 2435 324 2482 Si
336 2438 444 2495 quaestio
457 2449 513 2482 vero
525 2439 650 2483 moveatur
661 2436 689 2482 de
701 2438 730 2483 ils
742 2436 932 2494 exemptionibus
944 2438 985 2480 aut

195 2514 396 2572 subiectionibus,
430 2528 491 2574 quae
512 2516 537 2561 in
559 2513 651 2560 Codice
674 2515 852 2574 exprimuntur,
873 2509 987 2560 resersus

123 2595 124 2599 ’
170 2609 172 2613 ’
193 2594 289 2639 institui
301 2593 371 2639 debet
383 2593 413 2640 ad
425 2592 627 2640 Commissionem
642 2592 789 2640 Pontificiam
806 2606 848 2652 pro
860 2586 986 2657 authenti-

141 2663 143 2667 ’
192 2685 220 2738 ca
241 2685 362 2718 cononum
386 2672 597 2735 interpretatione.
623 2671 725 2718 Constat
746 2685 775 2717 ex
797 2671 864 2717 Motu
890 2674 985 2730 proprio
1026 2675 1028 2677 ’

194 2749 251 2795 Suri·
265 2751 317 2817 Dni.
332 2763 355 2800 n.
370 2750 457 2797 Bened.
471 2749 517 2797 XV
529 2749 585 2794 Cum
590 2747 667 2807 juris,
683 2756 708 2796 ib
721 2749 776 2808 Sep.
791 2739 856 2795 1917.
895 2753 897 2758 '
921 2781 923 2793 ‚

214 2883 215 2886 ,
283 2838 389 2885 Diximus
399 2838 571 2886 recurrendum
579 2851 630 2882 esse
639 2837 668 2883 ad
676 2833 822 2895 praedictam
832 2835 986 2897 Commissio-

194 2930 247 2962 nem
259 2916 354 2975 quando
363 2920 444 2975 agitur
453 2917 482 2963 de
491 2917 587 2964 casibus
597 2917 622 2962 in
632 2905 720 2962 Codice
729 2917 858 2974 expressis,
867 2915 985 2974 siqnidem

195 3009 285 3042 nrunns
301 2996 477 3053 interpretandi
497 2988 621 3054 proprium
640 2993 810 3040 Commissioni
831 2996 987 3050 restringitur

193 3074 374 3121 adcanonesin
387 3073 474 3120 Codice
495 3074 628 3125 contentos,
650 3073 794 3131 acproindc
814 3074 833 3117 si
854 3075 938 3129 agatrrr
957 3071 986 3116 de

191 3150 276 3199 ceteris
288 3152 421 3212 privilegiis
433 3152 594 3210 peculiaribus
606 3144 708 3208 singulis
720 3148 861 3204 Ordimbus,
884 3151 920 3196 vel
942 3150 986 3196 de-
1004 3197 1006 3199 .

191 3225 261 3277 inerit
275 3233 339 3277 certa
352 3230 384 3277 de.
394 3244 419 3276 re
432 3231 570 3289 pertinente
582 3229 611 3276 ad
624 3231 722 3279 mutuas
733 3229 864 3276 relationes
881 3229 927 3276 loci
939 3227 986 3274 Or-
