2091 3569
172 264 215 304 160
273 282 276 290 ·
389 246 759 307 [15515551155555551151511

169 390 200 436 ab
212 391 327 437 Antistita
340 403 396 437 cum
406 404 449 438 suo
460 388 567 437 Consilio
578 392 605 437 in
617 391 687 445 tutis,
699 389 772 436 licitis
789 389 959 438 5511551115115

154 474 157 478 ’
171 468 310 515 nominibus
321 468 480 524 collocentur;
501 481 561 528 quae
577 469 647 515 dotes
659 469 715 514 5515
727 467 852 528 religiosae
862 468 957 516 ebitum

171 546 239 593 nullo
251 547 320 594 modo
334 546 449 606 nullaque
460 546 489 593 de
500 560 582 602 causa,
597 560 627 594 ne
640 547 670 594 ad
681 545 852 594 aedificandam
864 547 959 607 quidem

171 624 271 685 denium
280 626 323 672 ant
334 625 362 672 ad
376 614 416 671 aes
426 626 529 673 alienum
552 625 767 682 exstinguendum,
781 621 888 684 impendi
900 633 957 685 pos-
1032 634 1033 637 ’

90 706 92 720 ⁵
170 706 236 750 sunt.
253 703 292 750 Ad
305 694 436 764 5511551515
454 717 511 751 vero
527 704 704 751 observantiam
726 702 801 762 hujus
820 704 960 763 praescripti

95 829 96 832 ,
171 781 285 828 conditus
296 783 332 827 551
344 794 398 837 555,
411 788 462 836 550,
476 782 548 840 cnjus
559 794 610 842 par.
621 788 635 827 5
647 783 740 828 statuit:
753 781 961 829 «0111551111555-

164 868 225 916 1551
245 860 416 907 conservandis
438 859 959 919 1511515551551115111555515151511511551

172 940 196 983 51
214 940 353 998 praesertim
375 939 403 985 in.
420 951 487 985 sacra
508 935 646 986 visitatione
662 939 699 995 (eo
709 938 773 998 quod
785 941 854 986 etiarn
866 941 961 999 saepius

173 1016 221 1063 boc
229 1019 263 1064 eis
273 1016 427 1072 ’155515-11551,
435 1017 790 1077 1511511515511555555551.
803 1016 859 1068 ilde
871 1017 960 1064 eisdem

171 1097 289 1141 rationem
303 1097 410 1154 exigant.

262 1200 281 1239 3.
313 1192 420 1240 Tandem
439 1194 516 1253 quoad
535 1191 703 1240 alienationem
720 1191 843 1249 bonorum,
865 1195 960 1239 necnon

172 1271 249 1331 quoad
262 1270 419 1330 obligationes
430 1285 457 1318 ae
469 1270 549 1319 debita
560 1270 723 1326 contenenda,
736 1271 765 1318 de
774 1272 861 1331 quibus
869 1273 894 1318 in
906 1283 960 1317 ean.

172 1355 224 1404 531,
234 1349 355 1408 regulares
365 1352 410 1397 viri
419 1350 487 1410 plena
495 1345 649 1414 immunitate
658 1349 777 1397 11555151
786 1351 962 1397 abinterventn

170 1427 217 1482 loci
236 1426 364 1482 Ordinarii;
386 1429 500 1476 moniales
517 1432 624 1477 econtra
637 1428 736 1475 neeesse
749 1431 786 1474 est
797 1431 825 1475 51
836 1429 961 1475 obtineant

108 1552 110 1555 ⁴
172 1519 328 1561 consensum,
341 1507 365 1553 in
377 1499 472 1567 seriptis
484 1507 635 1566 praestitum,
648 1510 702 1553 tum
713 1508 760 1553 ioci
769 1501 898 1560 'Ordinarii3
909 1509 961 1553 tum

172 1582 307 1644 Superioris
328 1586 454 1644 regularis,
476 1587 569 1644 praeter
591 1584 771 1644 beneplacitum
793 1575 960 1644 apostolieum

172 1665 264 1710 attento
284 1663 346 1723 qnod
366 1664 484 1723 quaelibet
503 1663 611 1723 obreptio
632 1664 669 1710 vel
688 1664 809 1722 subreptio
827 1664 904 1723 quoad
917 1663 962 1710 alia

171 1742 312 1800 gravamina
332 1743 354 1788 15
377 1741 487 1801 precibus
498 1756 539 1803 pro
548 1741 683 1802 obtinendo
694 1755 814 1789 consensu
825 1742 854 1788 ad
865 1746 962 1788 contra-

174 1820 253 1867 henda
274 1819 353 1867 debita
368 1820 404 1866 vel
424 1819 581 1879 obligationes
602 1821 661 1876 (non
673 1810 727 1866 vero
739 1820 768 1866 ad
788 1821 961 1874 alienationesl,'

172 1899 269 1945 veniam
292 1900 415 1946 obtentam
436 1899 531 1947 nullam
548 1899 655 1945 reddunt
674 1898 744 1958 (ibid.
764 1911 814 1958 par.
827 1902 857 1955 2).
881 1899 963 1945 Notari
1000 1895 1001 1898 ’

172 1979 273 2035 5551151,
288 1978 466 2037 beneplacitum
486 1977 646 2037 apostolicum
666 1977 756 2036 requiri
778 1977 807 2023 ad
826 1980 964 2023 contractus

171 2055 321 2102 validitatem
345 2060 395 2103 tum
423 2056 652 2120 alienationistuni
675 2055 749 2101 debiti
773 2055 962 2114 obligationisve‚

170 2133 246 2192 (quod
268 2134 363 2194 quidem
382 2134 444 2180 valet
456 2136 527 2181 etiam
549 2147 591 2193 pro
605 2133 755 2192 regularibus
769 2134 837 2189 viris)
850 2134 907 2179 dum
921 2146 963 2179 ce-

173 2216 238 2258 terae
249 2213 359 2259 licentiae
372 2213 403 2259 ad
413 2211 488 2258 551155
504 2209 659 2258 alienationis
677 2209 825 2256 caliditatem
843 2214 965 2258 coarctan·
1031 2216 1035 2221 ’

99 2290 101 2293 ’
171 2298 221 2357 151,
235 2303 264 2349 de
277 2316 322 2362 qua
333 2304 428 2350 tantum
444 2303 723 2364 1555115151530551.
739 2309 749 2348 1
764 2315 788 2347 n.
802 2309 822 2357 3,
836 2302 877 2348 nbi
888 2304 965 2362 posita

173 2385 208 2428 551
229 2380 335 2428 clausula
354 2383 460 2427 irritans.
481 2380 529 2427 Uir.
551 2381 614 2436 Β151,
635 2382 800 2439 1151351155
815 2379 964 2428 51115155

173 2463 262 2520 puncto
284 2460 385 2506 multum
406 2462 536 2519 temperata
560 2463 596 2505 551
620 2459 753 2518 disciplina
774 2472 846 2518 qnam
870 2459 971 2505 induxit¹

174 2539 303 2586 Instructio
322 2539 389 2603 Inter
406 2550 441 2593 en,
459 2537 483 2585 S.
493 2537 520 2585 O.
532 2538 561 2584 de
572 2539 633 2593 aet,
647 2543 676 2583 30
683 2538 730 2597 jul.
747 2543 814 2583 tabe:
828 2540 856 2583 Α.
868 2539 896 2584 Α.
907 2536 931 2583 S.
945 2537 963 2590 l,

109 2648 110 2651 κ
148 2648 150 2654 ·
174 2631 196 2676 p.
211 2623 262 2671 6953
277 2629 332 2663 nam
343 2616 417 2662 «duni
431 2618 649 2664 excommunicatio
661 2616 723 2661 15155
734 2618 877 2670 5551551155,
892 2615 963 2662 aitcl.

174 2695 267 2748 Verm,
283 2693 389 2749 Summa,
404 2700 494 2749 5194,
508 2708 548 2743 555
561 2698 642 2741 manet
656 2697 696 2754 qui
708 2694 884 2754 beneplacitum
893 2707 975 2766 apos-⁴

174 2774 274 2820 tolieum
295 2775 418 2846 exquirere
438 2776 564 2829 omittunt,
584 2787 674 2833 poenae
694 2774 821 2843 inlceteros
833 2772 964 2820 alienantes
987 2839 995 2847 „

173 2854 334 2912 praescriptae
353 2854 410 2898 5551
432 2850 542 2899 terendae
564 2854 714 2898 sententiae
735 2852 767 2909 (e.
785 2850 860 2903 2347).
884 2851 965 2910 Neque

173 2933 300 2990 peceatum
322 2929 439 2989 regularis
449 2988 450 2991 Ἴ
460 2930 566 2977 indebite
581 2943 682 2977 5155515
693 2943 721 2977 ex
732 2929 804 2975 bonis
823 2930 966 2976 monasterii
1039 2932 1040 2935 ’

173 3010 285 3056 1551511115
295 3012 344 3069 jam
360 3009 384 3056 S.
398 3008 452 3056 Sedi
465 3010 615 3056 reservatum
628 3011 690 3055 est.»

263 3098 352 3150 xviii.
387 3098 421 3144 Dc
431 3097 605 3155 versuris-a)
615 3098 706 3145 Donrus
718 3097 838 3157 regulares
851 3096 966 3145 obnoxiae

174 3180 231 3224 51151
245 3177 334 3223 tributo
345 3189 387 3234 pro
399 3173 783 3230 85111511151155551555,5151511
795 3176 852 3223 solis
865 3176 966 3223 eleemo-

109 3249 111 3256 '
174 3259 244 3314 synis
256 3257 337 3302 vivant
349 3257 389 3302 551
401 3257 426 3301 15
439 3255 473 3299 515
486 3253 616 3313 collegium
625 3254 772 3302 discentium
781 3255 818 3302 vel
827 3255 964 3302 docendum
