2091 3569
187 247 239 288 too
413 242 449 289 Da
460 255 613 290 axaurrrcna
624 255 785 290 saecularum

193 375 294 421 Eaircc.
314 373 398 420 oolam.
417 375 458 422 Ill.
477 381 490 421 6
507 375 595 436 dcccc.
614 389 706 425 necnon
721 374 793 421 ‘Cleon
812 373 916 428 Dodona,
930 388 949 420 c.
962 379 986 420 2.

194 452 235 500 HI.
254 459 343 512 ispar.
362 452 579 502 anticipandam
595 468 710 516 veroque
725 455 846 513 regulares
857 451 986 513 approbare

194 527 335 578 Ordinarius
347 533 457 589 nolucrit,
470 533 656 581 decernebatum
674 536 700 580 ut
717 525 877 580 nihilominus
888 529 985 578 confes-

193 609 276 666 siones
287 610 376 657 «libere
388 611 593 671 licitequeaudire
611 613 717 661 valerent
730 611 795 670 laon.
809 611 876 665 Vlli,
892 618 910 656 l.
929 610 984 665 ci».

194 686 256 735 Huic
276 700 330 735 vero
348 690 410 749 J'uris
429 690 581 750 dispositioni
598 691 737 750 derogatum
748 692 787 749 est,
796 704 837 750 per
849 688 986 736 Concilium

193 765 367 814 Tridentinum
379 771 447 823 (sese.
461 776 489 816 23
500 784 520 817 c.
529 773 572 828 ra)
584 775 694 817 statuens
705 771 814 817 «nullum
828 770 901 814 eiiam
914 779 986 825 regu-

193 845 277 899 larem¹
296 860 365 905 posse
379 848 544 897 *confessiones
555 851 724 904 saecularium,
738 851 808 895 etiam
824 845 985 899 sacerdotum,

194 923 284 979 audire,
299 938 343 971 nec
355 926 384 972 ad
399 926 420 972 id
434 928 550 975 idoneum
561 929 677 988 reputari,
691 929 735 974 nisi
748 930 788 973 aut
802 923 931 985 paroeciale
945 922 986 967 be-

197 1001 316 1058 neficium,
337 1010 378 1050 aut
399 1006 428 1051 ab
442 1006 571 1067 Episcopis
589 1020 629 1066 per
645 1019 751 1061 exarnen,
770 1008 789 1052 si
805 1002 987 1068 illiswvidebitur

194 1090 247 1127 esse
263 1087 436 1138 necessarium,
454 1087 566 1132 autalias
580 1087 681 1133 idoneus
691 1085 821 1144 judicetur,
834 1085 857 1130 et
868 1081 986 1142 approba·
1007 1085 1009 1089 ’

194 1161 296 1213 tionem,
310 1174 371 1220 qliae
381 1164 458 1220 graii-s
470 1164 548 1218 detur,
562 1165 677 1218 obtineat;
691 1162 820 1223 privilegiis
830 1175 878 1208 non
888 1161 986 1207 obstan-

195 1236 283 1294 tibus».
298 1238 361 1286 Haec
378 1241 880 1303 necessitasapprobationisrequirebatur
891 1252 932 1299 pro
946 1251 984 1285 re·
1029 1234 1032 1242 ⁴

194 1316 329 1375 gularibus‚
350 1316 423 1366 ctiam
444 1316 585 1369 doctoribus
603 1325 626 1368 ei
646 1322 788 1381 Theologlae
803 1318 984 1379 professoribus,

194 1396 230 1441 uti
249 1401 359 1442 auctores
378 1398 507 1446 affirmant.
528 1402 561 1457 (t)
573 1400 641 1448 Circa
660 1401 827 1447 limitationem
846 1395 986 1456 hujusmodi

194 1473 375 1533 approbationis
395 1478 435 1535 ‚ius
459 1478 569 1526 Codicum
597 1479 740 1538 praecedens
767 1475 933 1524 coritinebatur
959 1474 985 1518 in

196 1551 265 1598 Bulla
281 1552 413 1602 Clementis
428 1556 453 1603 X
463 1569 527 1616 ‘quae
538 1558 623 1616 incipit
634 1560 748 1617 Superbo.
762 1559 787 1602 iu
801 1568 847 1615 qua
859 1555 983 1600 statuitur:

194 1629 263 1677 «Non
277 1630 347 1690 posse
359 1633 503 1695 Episcopum
515 1635 711 1694 approbationem
724 1636 826 1682 limitare
835 1632 985 1692 regularibus

175 1705 177 1709 ⁴
194 1722 255 1768 quos
269 1713 361 1769 reperit
374 1712 519 1769 ‚palleatum
534 1714 641 1769 idonecs;
659 1715 712 1761 aliis
725 1726 781 1759 vero
799 1724 848 1758 non
861 1711 919 1757 adeo
932 1709 984 1755 ido-

194 1790 246 1834 neis
263 1791 341 1847 potest
360 1793 394 1837 vel
413 1792 541 1838 limitatam
554 1792 703 1848 facultatem,
715 1792 752 1837 vel
766 1791 855 1837 nullam
867 1774 985 1835 concede-

194 1859 242 1913 reo'.
257 1868 327 1928 Apud
340 1867 430 1916 lincoln
441 1871 462 1917 ·Ι.
476 1884 500 1917 n.
513 1878 565 1925 955,
578 1872 619 1930 qui
631 1875 712 1930 postea
723 1869 797 1916 addit:
815 1867 874 1914 «Oui
891 1857 983 1926 quidem

178 1944 242 2011 '‘J'uri
259 1947 381 1993 comprimi
399 1950 433 1997 sic
446 1948 554 1996 ‘stabilito
568 1948 780 2008 nunquam‘iuisse
794 1950 872 2006 postea
884 1945 980 2003 deroga·

194 2026 247 2069 tum
269 2025 358 2091 docent
379 2029 541 2090 communiter
562 2031 681 2083 nociores,
706 2032 730 2074 et
751 2029 815 2073 certe
839 2026 983 2073 scunarium

189 2102 289 2161 probari
308 2117 356 2151 non
374 2109 476 2165 potest».
498 2105 554 2152 Vid.
573 2108 644 2153 etiam
662 2107 747 2158 Bouix,
765 2105 794 2151 Π.
812 2119 834 2164 p.
850 2109 901 2149 230.
914 2105 984 2150 Atta-

195 2194 260 2236 men,
278 2187 306 2229 ut
322 2185 434 2231 notatcl.
453 2185 535 2232 Verm.
553 2185 572 2231 Ι.
589 2198 613 2231 n.
633 2192 684 2239 516,
697 2183 836 2231 Ordinarius
847 2183 892 2229 loci
904 2182 929 2227 in
941 2194 985 2239 alp-2

143 2284 144 2287 =
193 2260 321 2318 probandis
332 2264 482 2321 regularibus
499 2264 613 2324 quasdam
629 2264 786 2310 limitationes
802 2273 922 2321 apponere
940 2272 983 2318 po-

194 2342 256 2386 terat
267 2353 314 2387 uon
327 2354 355 2386 ex
366 2343 418 2399 iure
429 2343 520 2401 scripio
532 2323 589 2389 «sed
601 2355 629 2388 ex
641 2340 817 2390 consuetudine
828 2341 867 2387 cui
879 2351 927 2385 non
945 2351 984 2383 re-

187 2421 383 2482 pugnatsancta
395 2419 492 2467 Sedes».
505 2420 552 2467 oo.
566 2420 673 2469 Ferraris
683 2435 706 2466 v.
720 2418 854 2479 Requirere,
866 2421 921 2464 nota
932 2423 983 2462 109.
1016 2467 1018 2471 ,

284 2535 404 2582 Hodierna
421 2536 548 2596 disciplina
564 2549 624 2597 quae
636 2537 775 2584 continetur
790 2537 817 2581 in
833 2547 885 2580 can.
904 2538 947 2578 873
962 2534 985 2576 ct

194 2626 243 2672 seq.
261 2606 402 2672 completior
418 2615 516 2674 quidem
528 2628 555 2661 ac
566 2616 697 2675 simplicior
708 2614 810 2674 apparet.
828 2612 924 2659 Etenim
936 2610 988 2657 im-'

194 2691 278 2750 primis
295 2705 349 2738 can.
368 2692 421 2745 874,
438 2702 487 2752 par
503 2701 523 2748 t,
536 2694 628 2740 dirimit
640 2695 803 2753 quaestionem
816 2693 880 2737 inter
891 2689 984 2736 theolo—

193 2782 237 2828 gos
253 2771 276 2814 et
287 2772 434 2818 ‘canonistas
450 2771 519 2819 valde
534 2775 657 2831 agitatam,
675 2786 688 2818 a
705 2786 751 2832 quo
766 2784 851 2830 nempe
864 2764 984 2836 regulares

193 2848 329 2895 sacerdotes
343 2849 540 2908 Jurisdictionem
557 2850 587 2898 ad
599 2842 759 2898 confessiones
769 2847 983 2897 sircaclocc'ccrau-

193 2926 292 2973 diendas
308 2930 452 2987 reciperent,
469 2942 500 2976 an
517 2930 646 2977 inmediate
662 2943 675 2975 a
691 2930 799 2975 Romano
813 2925 925 2974 Pontifice
944 2938 984 2985 per

241 3188 266 3227 tl)
292 3189 327 3222 ijo:
347 3187 430 3225 ici-iaris,
446 3198 461 3221 ν.
473 3186 600 3233 Αρρνοὸᾶΐίο,
612 3185 690 3223 sitin
709 3186 738 3229 473
751 3187 810 3224 Bouir.
822 3185 845 3226 ΙΙ,
859 3183 927 3229 palin
940 3185 983 3222 Piri·

192 3245 214 3283 ΙΙ,
224 3245 245 3286 Q„
256 3244 297 3278 '237‘
323 3239 325 3245 ⁴
720 3250 722 3252 '
821 3259 822 3262 ¹
