2091 3569
173 288 201 329 44
384 282 417 326 144
428 294 581 342 arsurumne
593 283 753 328 nncuormun

170 419 296 475 «quartam
308 415 469 461 itinerariam»
483 413 585 474 parocho
595 412 736 478 tradendam
745 412 774 460 ad
787 417 894 460 normam
906 424 961 459 can.

174 500 233 541 4234.
245 507 293 554 par.
310 498 354 549 4-’2,
372 487 491 553 regulares
503 495 623 540 tenentur
639 493 668 539 ad
680 481 858 539 ‘observantiam
874 490 961 538 indicis

171 562 316 628 dioecesani,
333 574 482 621 secundum
479 572 717 632 praescrlpssumcan
732 564 797 625 4234,
817 576 882 625 4234,
904 567 978 616 4237·

170 664 219 710 par
233 658 254 697 3
269 652 302 698 ile
314 651 359 700 bac
370 665 412 711 por
414 654 478 699 tione
491 650 647 709 paroeciali't
629 663 636 695 1
649 662 717 697 erum
729 649 874 722 loquemur
868 662 892 695 m
911 661 960 694 nu-

171 729 378 821 merodcscpulta
379 731 424 776 444
856 744 858 748 ’

262 817 397 876 Quoad
417 818 581 866 44444444444444
592 802 710 867 sacerdot‘
694 823 726 867 trs
737 822 775 866 ext
778 821 844 867 ranei
856 820 960 867 4414444-

169 910 210 943 444
231 894 312 942 4444444
312 896 432 942 4444444
425 911 454 945 m
473 900 525 945 suis
547 900 656 946 ecclesiis
678 899 716 945 vel
735 901 785 946 orat
788 898 960 958 oriispubllcis
998 900 1003 948 j

170 966 292 1025 regulares
315 968 658 1028 astringunturpeculiaribus
677 970 769 1015 normis
789 967 819 1014 ab
838 967 961 1014 Ordinatio

169 1045 217 1092 ioci
239 1048 402 1106 praescriptis,
426 1048 472 1093 nisi
502 1050 587 1106 agatur
611 1047 639 1094 de
667 1047 822 1094 admittendis
844 1046 960 1105 religiosis
983 1055 985 1058 ·

168 1123 270 1184 ejusdem
291 1123 514 1180 circumsectus
524 1127 752 1186 praescriptionibus
763 1138 814 1184 par,
823 1125 833 1172 I
844 1127 867 1170 ot
877 1119 958 1170 24444.

170 1209 215 1249 404
226 1204 268 1258 (ta
282 1218 330 1262 par.
345 1206 375 1260 3);
389 1217 417 1249 er
440 1195 527 1264 quibus
538 1197 643 1251 infertur
654 1204 761 1251 locorum
774 1202 909 1257 Ordinarios
922 1202 960 1247 vei

171 1283 244 1328 etiam
257 1282 395 1329 Paroohcs
388 1283 531 1329 interdicere
544 1296 592 1329 non
603 1297 673 1342 posse
684 1282 811 1329 Missarum
823 1281 935 1328 celebrat
928 1296 960 1327 ro·
1002 1275 1004 1278 ’

174 1373 237 1414 nem,
252 1375 280 1407 ne
302 1364 326 1408 in
340 1362 447 1409 ecclesiis
460 1362 555 1421 quidem
567 1361 732 1409 saecularibus
744 1365 787 1407 seu
798 1360 906 1429 religioni
917 1374 959 1406 er-

166 1440 272 1490 transis
287 1441 317 1486 iis
328 1440 445 1499 religiosis
456 1440 566 1487 sacerdot
567 1439 622 1487 ibus
636 1442 677 1500 qui
689 1442 730 1486 aut
720 1439 796 1485 thent'
780 1441 871 1486 trcaset
862 1436 959 1486 atdhnc

173 1517 261 1564 relidas
270 1519 434 1564 commendati
437 1519 532 1565 tiasiitt
503 1521 587 1566 itteras
607 1532 707 1565 suorum
723 1517 877 1577 Superiorem
889 1517 959 1563 exbi-

107 1625 109 1629 ,
169 1595 251 1649 beant,
277 1598 324 1643 nisi
335 1589 431 1643 interim
442 1591 531 1657 aliquid
544 1611 585 1644 eos
599 1597 762 1643 commississe
775 1598 874 1650 constet,
892 1609 959 1642 cura
981 1640 983 1642 ,

101 1680 102 1683 ’
168 1674 254 1727 Missae
273 1671 432 1722 celebratione
450 1676 533 1737 repelli
545 1675 657 1730 debeantt
670 1689 747 1738 ‘neqtte
763 1676 847 1721 iisdem
859 1673 959 1721 Ordina-

132 1812 133 1815 ,
170 1755 213 1800 riis
224 1753 325 1801 facultas
336 1760 389 1800 esse
401 1754 543 1814 prohibendi
556 1754 687 1813 regulares,
698 1755 827 1814 quominus
836 1756 959 1800 extraneos

99 1838 100 1843 ’
168 1823 303 1880 sacerdotes
315 1835 340 1879 i‘n
352 1834 404 1879 suis
414 1833 521 1881 ecclesiis
532 1832 561 1880 ad
583 1830 703 1880 litandum
725 1833 862 1886 admittant,
886 1832 957 1878 dum-
996 1860 998 1863 ⁴

148 1923 150 1929 ⁸
170 1912 238 1958 modo
259 1913 378 1970 legitimas
400 1912 491 1964 litteras
503 1901 643 1966 exhibeant,
659 1910 695 1958 vel
709 1913 797 1958 rectori
808 1912 918 1959 ecciesiae
931 1910 959 1978 de

111 2005 112 2008 ¹
168 2004 252 2037 eorum
265 1991 381 2049 probitate
392 1993 496 2050 apprime
516 1993 620 2044 constet,
641 1992 773 2045 immo‚'<‹si
784 1989 903 2045 (sacerdos
916 2002 958 2033 ex·
976 2023 978 2032 ,

167 2072 276 2122 maneus,
290 2072 377 2115 rectori
389 2071 419 2116 sit
431 2069 537 2129 ignotus,
550 2070 645 2117 admitti
665 2069 745 2116 adhuc
755 2071 833 2128 potest
842 2066 911 2114 444444
922 2067 957 2113 vel

168 2145 203 2192 444
221 2147 353 2206 (quiriaci
374 2145 514 2195 Ordinarius
532 2148 699 2195 contradicere
711 2148 807 2202 valeat),
821 2148 957 2201 dunnnodo,

167 2226 328 2273 ecclesiastica
340 2227 405 2272 vesle
414 2227 527 2281 indutus,
541 2227 600 2273 nihil
613 2241 643 2274 ex
653 2226 812 2273 celebratione
824 2227 852 2272 ab
860 2227 958 2272 ecclesia
970 2223 973 2229 ’

167 2307 194 2350 in
215 2317 261 2364 qua
283 2305 344 2369 litat,
366 2306 449 2365 quovis
467 2306 684 2365 titulo,·percipiat‚
698 2308 828 2359 etnomen,
850 2305 956 2351 oiiicium

114 2409 120 2414 -
164 2396 287 2446 errantque
299 2384 426 2430 dioecesim
438 2385 463 2429 in
475 2382 588 2444 peculiari
603 2384 663 2431 libro
675 2386 754 2443 signet
767 2385 798 2440 (c.
811 2389 912 2445 8444444.
925 2386 957 2437 a).

256 2472 348 2519 ‘Placita
355 2474 420 2532 juris
433 2475 458 2519 in
470 2474 586 2520 anteriori
599 2472 729 2531 disciplina
741 2473 798 2521 baec
810 2477 885 2518 erant:
897 2471 958 2524 Gon·
979 2463 981 2466 ’
1033 2460 1035 2464 ⁴

168 2551 252 2597 cilium
275 2552 380 2618 Trident.
400 2553 425 2597 in
450 2552 544 2598 decreto
566 2553 602 2597 De
623 2549 774 2597 observandis
786 2548 922 2595 4444444444
932 2548 958 2594 444
1008 2540 1009 2543 '

167 2620 321 2674 44444444444444
333 2629 423 2676 Missae
433 2631 499 2687 (sess.
512 2633 550 2687 22)
561 2632 669 2691 injunxit
684 2630 817 2689 Episcopis
831 2632 894 2676 utin
907 2622 957 2675 suis

167 2708 318 2754 dioecesibus
338 2710 507 2755 interdicerent
528 2723 572 2756 «ne
591 2711 629 2756 cui
643 2716 701 2767 vago
711 2710 734 2753 et
746 2710 830 2766 ignoto
842 2707 956 2775 sacerdoti

169 2788 254 2833 missas
265 2786 385 2834 celebrare
397 2787 502 2835 liceret.»
516 2788 670 2834 Postrnodum
685 2786 709 2833 S.
726 2786 752 2833 C.
767 2785 793 2832 Ο.
807 2782 821 2832 ’7
833 2799 887 2831 nov.
901 2792 957 2831 4494

166 2869 215 2924 (ap
237 2845 294 2910 Ben
315 2856 481 2919 4444444444
503 2869 622 2921 3411.4)
644 2865 956 2924 declaravitEpiscoposin

167 2944 331 2990 ecclessiist
308 2946 380 2991 etiam
398 2944 547 3003 regularibus
567 2945 662 3003 exigere
682 2946 761 3003 posse,
785 2947 811 2989 ut
823 2944 957 2990 sacerdotes

166 3023 240 3069 exteri
263 3022 292 3069 ad
316 3022 484 3069 celebrandum
510 3017 610 3071 Sacrum
633 3035 682 3068 non
704 3022 896 3076 admitterentur,
910 3023 957 3068 nisi

166 3100 283 3165 prius'ab
301 3101 352 3160 ipso
374 3100 490 3160 Episcopo
503 3103 635 3160 ¹inspectae
657 3114 684 3149 ac
705 3101 852 3148 examinatae
868 3100 958 3147 fuerint

165 3180 261 3225 litterae
273 3180 362 3238 proprii
374 3178 501 3234 Ordinarii,
516 3192 575 3239 quae
587 3180 659 3238 vulgo
680 3180 783 3240 audiunt
805 3179 967 3225 <‹ri·iscessua-‘

166 3257 225 3312 les»,
247 3271 274 3303 eo
294 3258 357 3317 qrtod
378 3258 509 3315 traduntur
530 3250 657 3305 occasione
676 3257 778 3316 legitimi
800 3257 921 3304 discessus
944 3271 956 3303 a
