2091 3569
286 254 320 301 ltu
331 267 482 300 uxuurrrouu
495 267 652 303 ausoniorum
722 312 724 315 v
840 261 869 301 93

5 387 6 391 ’
73 398 151 447 ppena
162 387 222 445 ipsis
234 385 367 453 denegandi
380 383 518 434 exercitium
530 389 639 434 cuiusvis
652 388 782 434 ministerii
793 388 869 435 eccle-

71 466 165 511 siastici
177 466 207 519 (c.
221 455 264 510 ‘295
277 478 326 524 par.
341 468 371 522 1).
385 465 420 512 Ad
435 466 477 512 lroc
490 479 544 513 vero
557 469 581 512 ut
593 479 689 512 sacrum
703 466 867 512 ministerium

71 556 184 589 exercere
197 543 299 598 valeant,
312 545 438 603 impetrare
449 543 518 591 etiam
532 544 619 591 debent
637 544 759 591 licentiam
774 544 866 604 praela*-

72 623 91 667 ti
103 621 195 668 Vicarii
207 623 258 667 sive
271 621 385 668 Praefecti
398 622 538 681 Apostolici‚
551 625 591 681 qui
603 625 684 673 tamen
696 637 756 669 eaor
766 623 867 682 denega·

10 697 12 701 ⁴
74 713 98 746 re
117 713 165 746 non
177 700 265 754 debet,
286 702 332 747 nisi
350 700 454 760 siugulis
472 705 495 747 et
514 702 661 760 gravemob
679 714 776 748 cansam
795 700 865 757 (ibid.

45 774 168 838 paror).
269 843 270 846 Ἴ
525 777 527 781 ’
563 776 580 781 ”

162 850 232 915 Quod
243 860 323 925 autem
335 861 424 917 spectat
437 858 465 904 ad
478 859 539 904 tona
552 858 690 914 temporalia
703 858 867 905 lllissionario·

72 949 124 982 rum
137 935 254 994 serpanda
266 940 331 990 sunt,
345 949 451 994 congrua
460 939 575 1003 cougrins
585 926 718 997 referendo,
734 938 866 996 praescrip·

71 1018 95 1060 ta
107 1028 166 1073 qnae
181 1014 328 1072 regularium
343 1013 503 1074 parochorum
516 1013 577 1061 boue
591 1016 734 1074 rescipiunt.
748 1017 782 1071 (1)

162 1087 295 1139 Peculiaria
310 1097 368 1139 sunt
384 1106 442 1152 quae
459 1095 541 1139 statuit
558 1106 612 1138 can.
631 1099 684 1146 297,
695 1095 740 1152 ‘jus
757 1094 866 1140 tribuens

74 1171 169 1217 Vicario
186 1158 222 1217 vel
241 1171 359 1218 Praefecto
377 1165 515 1230 Apostolicoss
531 1172 632 1230 cogendi
647 1172 780 1230 religiosos,
794 1173 865 1218 etiam

70 1253 204 1307 exemptos,
222 1249 303 1296 audito
319 1254 400 1296 tamen
416 1263 498 1295 eorum
516 1249 651 1308 Superiora
671 1251 701 1296 ad
715 1263 799 1296 curam
811 1252 866 1296 ani·
920 1285 921 1288 η

72 1341 163 1374 marum
188 1328 352 1391 exercendam,
375 1312 504 1374 dummodo
526 1331 606 1374 tamen
627 1327 710 1374 adsint
734 1332 864 1387 sequentes

70 1405 239 1467 condiciones:
253 1408 277 1463 u)
289 1406 352 1465 quod
366 1409 451 1452 existat
468 1419 522 1465 vera
540 1407 672 1452 necessitas
689 1420 718 1450 eu
731 1406 865 1453 deficientia

71 1484 224 1530 sacerdotum
246 1484 412 1537 saecularium
435 1483 457 1540 d)
476 1484 541 1544 quod:
558 1485 673 1543 paaedicti
694 1485 799 1543 religiosi
813 1499 863 1536 ,non

14 1566 17 1571 ’
72 1563 246 1623 prohibeantur
260 1576 373 1621 ,expresse
389 1577 402 1608 a
418 1550 469 1609 suis
487 1563 579 1620 legibus
590 1565 723 1621 quominus
735 1567 865 1611 exerceant

40 1697 41 1702 ¹
70 1655 154 1689 curam
174 1642 317 1696 animarum
338 1644 360 1686 et
373 1643 393 1696 cl
412 1645 438 1687 ut
454 1629 505 1688 sint¹
518 1642 604 1689 addicti
622 1642 815 1701 lpsi‘Vicariatui
828 1644 865 1689 rel
917 1628 919 1634 Α

72 1720 245 1767 Praefecturae.
266 1715 326 1765 Item
349 1715 517 1779 praescribitur
536 1722 560 1766 in
579 1733 632 1767 can.
655 1727 698 1766 298
716 1726 742 1766 ut
763 1723 796 1767 «sl
820 1735 866 1780 qua

71 1798 169 1845 dissidia
178 1800 203 1844 in
213 1799 242 1848 iis
251 1811 312 1857 quae
323 1797 352 1844 ad
362 1811 443 1845 curam
452 1800 588 1845 animarum
603 1801 723 1857 pertinent
734 1798 865 1858 (siqnidem

70 1878 148 1936 quoad
161 1883 252 1923 ceteras
269 1878 423 1936 quaestiones
437 1879 461 1934 et
471 1878 648 1936 controversias
659 1876 722 1922 valet
736 1879 866 1935 praescrip·

70 1959 121 2001 tum
143 1968 197 2001 can.
222 1962 277 2001 1579
297 1957 408 2013 superius
429 1954 578 2010 enodatum),
598 1956 649 2000 sive
669 1956 733 2000 inter
754 1955 865 2013 singulos

72 2036 244 2092 missionarios‚
258 2035 308 2079 sive
320 2025 384 2079 inter
395 2034 501 2080 diversas
512 2033 650 2091 religiones
664 2033 716 2078 sive
729 2033 792 2078 inter
804 2034 865 2078 mis-

69 2112 189 2158 sionarios
212 2115 234 2158 et
252 2112 313 2158 alios
329 2111 445 2170 quoslibet
463 2111 518 2167 oriri
536 2112 675 2169 contigerit,
694 2124 722 2156 ea
739 2112 864 2171 quampri-

72 2203 137 2236 mum
150 2203 291 2249 componere
304 2193 390 2236 curent
401 2190 489 2237 Vicarii
501 2202 527 2235 ac
539 2188 656 2235 Praefecti
668 2188 808 2247 Apostolici,
821 2188 865 2248 qui
933 2218 937 2223 «

70 2268 209 2327 huiusmodi
228 2269 387 2327 quaestiones,
407 2267 447 2313 ubi
463 2281 522 2327 opus
539 2266 618 2322 luerit,
632 2266 754 2319 dirimant,
768 2268 863 2326 integro

13 2337 14 2340 '
69 2349 149 2392 tamen
159 2347 215 2405 jure
228 2359 341 2392 recursus
352 2346 380 2392 ad
393 2345 554 2404 Apostolicam
567 2344 661 2399 Sedem‚
675 2346 717 2404 qui
728 2345 820 2392 decreti
832 2345 864 2391 ef·

69 2424 159 2471 lectum
174 2437 222 2470 non
235 2418 386 2483 suspendit».
701 2464 703 2468 ,

161 2501 226 2558 Quae
237 2503 268 2548 -in
285 2504 336 2560 iure
352 2502 547 2561 praescribuntur
564 2505 586 2548 ct
603 2501 707 2549 inferius
725 2502 865 2562 explanabi-

70 2594 123 2627 mus
135 2582 198 2627 circa
211 2568 575 2639 participationemregularium
591 2583 613 2626 iu
628 2571 745 2627 Conciliis
761 2584 865 2639 particu-

34 2667 50 2683 ”
70 2658 160 2725 laribus
181 2672 276 2707 necnon
294 2660 319 2704 in
344 2659 482 2706 dioecesana
505 2658 612 2717 Synodo,
633 2658 747 2718 applicari
767 2659 863 2712 debent,

69 2751 177 2797 congrua
195 2728 308 2794 conponis
325 2733 457 2805 reiterando,
471 2738 623 2796 regularibus
637 2734 797 2784 missionariis
809 2737 862 2792 (cir.

69 2829 91 2863 c.
110 2824 153 2864 304
169 2830 219 2869 par.
238 2818 270 2872 2).
284 2816 387 2875 Insuper
400 2817 458 2862 dicti
471 2817 613 2863 missionarii
628 2802 752 2862 nominari
763 2806 865 2875 possunt

69 2894 207 2942 Conciliarii
225 2895 362 2941 Vicariatus
381 2909 422 2941 seu
440 2895 603 2942 Praefecturae
620 2894 673 2950 (cfr.
693 2909 714 2941 c.
734 2896 795 2949 302),
817 2906 863 2953 quo

69 2975 94 3019 in
114 2987 172 3020 casu
189 2973 213 3019 id
235 2986 324 3020 munus
343 2977 463 3032 acceptare
484 2976 604 3028 tenentur,
626 2975 732 3032 itemque
752 2973 864 3018 assistere

117 3138 144 3181 (ll
169 3137 205 3171 Cn.
222 3149 260 3172 ean.
276 3137 311 3171 296
329 3149 364 3181 par.
377 3137 393 3178 l·,
409 3136 443 3172 533
458 3149 492 3182 pnr.
504 3137 512 3171 l
526 3139 619 3182 n.4.pcr.
630 3137 648 3178 23
659 3136 694 3170 535
705 3135 788 3181 pontin.
799 3134 817 3175 23
828 3134 863 3169 630
887 3183 888 3187 Ἰ

69 3206 104 3238 par.
119 3195 136 3238 3,
147 3196 164 3229 4,
181 3196 216 3229 Cfr.
227 3189 277 3229 eliani
287 3207 330 3241 qnae
339 3197 382 3228 circu
392 3196 450 3229 herum
461 3197 543 3229 bonorum
554 3196 685 3229 destinationem
697 3194 833 3238 deprompsimus
842 3203 864 3226 cx

67 3251 89 3286 el.
101 3253 159 3288 verm,
171 3259 188 3286 et
195 3251 213 3286 S.
223 3254 306 3287 Pontifioe
315 3253 372 3286 Leone
381 3253 432 3287 ΧΙΙΙ.
