2091 3569
178 262 220 303 153
391 252 764 304 ·Dnnxnuerronnnneunlmun

176 389 206 436 de
214 388 380 436 =oblaiionibus
391 388 462 437 iactis
470 391 515 450 ipsi
527 375 633 437 ccclesiae
644 391 731 451 (pana
743 391 774 449 ej.
787 391 861 448 cau),
874 389 967 436 adnor-

178 480 306 515 mamcan.
321 469 703 529 1525,5515151511;«1155151515
723 461 844 517 contraria
860 480 965 515 consue-

176 546 268 601 tudine,
281 546 486 594 administratores
495 548 543 594 iani
555 548 710 596 ecclesiastici
719 561 792 608 quam
800 548 853 596 laici
862 544 966 615 cuiusuis

79 656 82 659 .
127 684 130 690 ‘
177 621 313 671 ecclesiae...
327 625 429 684 singulis
441 625 513 672 annis
525 624 602 679 cilicio
622 627 740 673 tenentur
759 625 875 673 reddendi
888 625 965 671 ratio-

178 715 233 748 nem
253 694 470 750 administrationis
485 702 614 751 ‘Ordinario
635 705 708 751 loci.»
728 705 790 752 Haec
806 706 872 751 enim
884 717 964 763 praes-

177 781 252 839 cripta
272 782 384 829 ecclesias
402 785 508 850 proprias
527 783 677 843 regularium
686 796 735 830 nun
747 783 902 840 concernunt.
914 782 964 829 Hoc

174 860 223 918 jam
236 860 400 920 probavimus,
413 861 476 921 quod
487 862 516 910 ad
527 866 699 923 praescriptum
712 864 752 910 cit.
767 875 822 909 can.
842 867 885 908 485
901 874 966 921 spee-

177 943 220 991 151,
239 939 387 997 agentessde
406 941 560 987 ecelesiarum
578 943 720 991 rectoribus
743 941 779 988 Ad
795 925 964 1002 arrgumentum

177 1031 233 1064 vero
253 1017 413 1078 desumptum
422 1032 450 1065 ex
470 1032 524 1066 can.
539 1026 605 1074 1182,
617 1019 776 1080 respondetur
787 1019 855 1079 illum
868 1018 966 1065 minimo

177 1096 298 1156 applicari
310 1097 418 1144 ecclesiis
437 1099 538 1157 propriis
556 1098 711 1158 regularium,
724 1099 833 1158 quentvis
844 1089 965 1157 separatae
1005 1121 1006 1124 =

177 1175 294 1227 exsistant
314 1189 327 1222 a
353 1175 423 1235 donro
445 1178 625 1224 communitatis
644 1178 779 1236 regulariav
801 1179 884 1236 utpote
906 1172 965 1235 quae

177 1251 301 1312 exemptae
317 1258 428 1309 manent,
448 1256 516 1315 prout
537 1255 851 1311 suolocodemonstratum-
864 1253 918 1308 fuit„
936 1252 966 1298 ab

177 1331 302 1379 Ordinario
314 1331 361 1401 loci
372 1332 544 1392 iurisdictione,
558 1334 672 1394 nullaque
685 1336 793 1393 exceptio
807 1333 966 1400 huicexempj

177 1425 239 1470 tioni
253 1423 377 1482 derogans
394 1425 420 1470 in
437 1424 492 1470 lroc
501 1437 589 1481 canone
601 1426 750 1471 continetur.
765 1410 853 1470 liudem
865 1411 965 1480 denique

176 1492 268 1548 ratione
284 1502 393 1549 solvitur*
405 1502 517 1561 objectio·
527 1516 556 1548 ex
572 1516 624 1551 can.
637 1510 694 1550 1525
706 1502 855 1563 deprompta:
871 1512 963 1558 nempe,

178 1582 274 1631 nomine
290 1582 414 1634 «cuiusvis
433 1581 562 1635 ecclesiae>
582 1594 630 1628 non
649 1583 719 1628 venit
735 1581 833 1634 ecclesia
844 1579 966 1640 pertinens

177 1658 207 1704 ad
217 1660 348 1718 regulares,
361 1673 420 1720 quae
432 1660 546 1707 eximitur
557 1662 607 1719 ipso
614 1661 670 1720 jnre
682 1661 713 1707 ab
724 1660 848 1720 episcopali
861 1660 963 1717 potesta-

171 1741 208 1793 te;
227 1751 296 1801 secus
308 1741 380 1794 enim,
399 1741 421 1784 ei
434 1739 498 1798 ipsae
509 1738 621 1786 ecclesiae
631 1738 806 1786 conventuales
818 1736 965 1804 regularium

101 1813 103 1818 “
178 1814 257 1874 hujus
267 1829 326 1865 can„
339 1818 485 1877 praescripto
504 1819 590 1868 essent,
603 1819 728 1872 obnoxiae,
743 1816 806 1876 quod
825 1828 883 1862 sane
894 1825 965 1867 ,nemo

176 1893 293 1961 admittet.
308 1895 466 1954 Exceptiones
477 1883 573 1955 quidem
585 1896 682 1949 dantur,
704 1909 765 1955 quac
779 1880 867 1954 pariter
880 1905 966 1938 conve-

177 1981 249 2025 niunt
261 1979 370 2026 ecclesiis
383 1979 482 2027 adnexis
495 1982 518 2041 et
536 1992 583 2026 non
600 1981 699 2027 adnexis
717 1984 882 2039 exemplorum
892 1976 966 2023 dolui-

179 2056 230 2103 155,
253 2058 332 2104 Prima
353 2062 391 2104 est.
407 2062 471 2117 quae
487 2059 626 2106 continetur
645 2060 670 2105 in
691 2071 746 2105 can.
765 2066 808 2105 533
821 2071 868 2117 par.
884 2064 929 2102 in.
942 2061 974 2107 4‚'

178 2141 268 2195 paria,
291 2137 406 2195 viqu'us'
429 2150 470 2196 pro
493 2136 650 2183 collocatione
672 2140 797 2197 pecuniae,
819 2147 912 2184 necnon
926 2146 966 2193 pro

177 2214 281 2287 qualibet
296 2214 370 2274 hujus
381 2214 545 2262 collucatiouis
557 2217 700 2270 mutatione,
714 2218 785 2263 etiam
799 2211 967 2274 regularesob-
1029 2216 1033 2221 ’

177 2296 254 2341 tinere
268 2298 384 2360 tenentur
397 2295 521 2354 praevium
533 2307 678 2342 consensum
691 2293 811 2353 Ordinarii
824 2294 879 2347 loci,
892 2293 911 2338 si
925 2279 977 2351 pe?

127 2418 128 2421 ,
177 2376 251 2420 cunia
270 2374 324 2419 data
343 2373 374 2419 sit
394 2374 516 2432 paroeciae
534 2373 571 2420 vel
584 2374 702 2427 missioni,
716 2375 758 2419 aut
771 2371 918 2431 regularibus
930 2370 967 2414 in·

177 2453 243 2498 15115
261 2453 381 2512 paroeciae
397 2451 433 2498 rel
454 2452 583 2507 missionis
603 2465 677 2498 seusu
693 2454 745 2512 jam
766 2454 836 2513 anteo
850 2450 964 2508 exposito.
1024 2496 1025 2499 ,

121 2544 123 2549 ·
176 2530 259 2577 Altera
278 2532 385 2602 exceptio
402 2531 543 2589 exprimitur
552 2532 575 2577 iu
587 2544 640 2578 can.
650 2538 695 2578 ,535
709 2544 758 2590 par.
773 2536 786 2575 3
801 2544 825 2576 n.
840 2536 861 2582 2,
874 2531 912 2584 ius
922 2529 966 2573 tri-

177 2621 256 2667 buens
269 2621 316 2680 loci
337 2620 461 2668 Ordinario
473 2623 635 2680 cognoscendi
646 2622 676 2669 de
687 2622 898 2669 administratione
910 2620 966 2665 lun·
1021 2681 1023 2684 .

108 2712 111 2725 1
126 2687 127 2690 ¹
176 2699 264 2746 dorum
280 2700 467 2759 legatorumque
480 2699 608 2776 dequibus
628 2705 654 2748 in
674 2702 716 2747 cit.
734 2714 787 2747 cau.
801 2705 853 2754 533,
865 2700 885 2745 si
897 2684 973 2767 fundi

177 2785 264 2832 nempe
286 2773 323 2818 vel
342 2774 419 2831 legata
438 2772 493 2819 data
511 2774 560 2818 sint
575 2773 729 2833 reputantes
740 2774 831 2819 intuitu
843 2772 967 2832 paroeciae

175 2851 213 2896 vel
231 2852 354 2898 missionis
372 2854 414 2897 aut
426 2851 472 2910 ipsi
491 2840 610 2910 paroeciae
620 2829 666 2916 Nrel
679 2852 797 2899 missioni.
808 2852 857 2898 Nec
867 2849 923 2897 inde
934 2849 966 2895 li·
994 2840 995 2845 ’

58 2938 60 2941 ·
111 2987 126 2996 μ
176 2931 228 2975 ceat
243 2930 287 2976 has
298 2922 449 2988 exceptiones
460 2929 587 2976 extendere
606 2931 635 2977 ad
647 2930 804 2977 fundationes
816 2941 910 2989 quoque
921 2927 967 2973 «ad

177 3009 220 3055 Dei
240 3009 330 3056 cultum
351 3007 564 3055 beneficentiamve
581 3020 608 3054 eo
627 3011 678 3067 ipso
696 3009 750 3055 loco
766 3006 966 3068 impendendam»

176 3089 208 3141 (c.
222 3093 264 3133 533
278 3100 326 3153 par.
340 3094 359 3141 1,
374 3100 398 3133 n.
416 3085 444 3145 3),
465 3088 536 3145 prout
555 3088 614 3134 ialso
633 3082 757 3153 supponit
768 3086 797 3134 cl.
819 3085 926 3140 Faniarri,
941 3099 964 3131 u.

178 3170 228 3230 134'3
244 3173 299 3220 uam
314 3175 487 3235 praescriptum
501 3173 572 3233 huius
584 3188 636 3223 can.
649 3175 708 3234 ligat
719 3176 813 3220 tantum
827 3173 966 3233 Superiores

177 3254 293 3300 domuum
316 3251 656 3313 0555555551155155511915555,
676 3254 703 3299 ut
725 3252 855 3300 clarissime
870 3253 986 3311 arprparei¹
