2091 3569
284 263 317 308 Du
329 275 650 311 urnurrroneuneonamun
832 268 860 308 29

69 403 107 447 vat
119 401 145 445 ut
157 400 183 451 ii,
199 397 287 456 uiribus
299 398 365 443 illam
377 411 406 443 ex
419 410 518 444 munere
531 411 612 445 curare
626 398 753 451 incumbit,
774 396 814 443 diu
835 409 859 442 se

68 467 216 525 exercuerint
228 479 254 523 in
266 477 420 524 observantia
432 478 539 535 eiusdem
552 479 732 535 praeceptorum
745 489 772 522 ac
786 489 858 534 regu-

69 559 153 613 larum,
164 558 187 602 et
195 570 238 615 pro
247 557 349 612 diversis
357 558 477 603 institutis
486 555 760 615 imbutiquodammodo
768 555 858 601 luerint

69 636 265 697 uniuscnjusque
276 649 359 682 eorum
371 637 467 695 spiritu·
479 635 538 682 lude
550 637 661 693 seqrritur
671 637 737 693 aptos
751 647 798 680 non
807 647 859 679 esse

68 715 209 773 regulariter
220 701 339 774 loquendo
351 715 381 761 ad
393 715 417 762 id
429 715 537 761 muneris
552 713 722 773 praestandum
738 713 859 759 diocoesa-

69 806 112 839 nos
124 794 255 848 Praesules;
269 795 320 840 tum
330 794 388 852 'quia
401 788 507 852 reguiam
520 806 569 839 non
582 796 641 839 stant
652 794 743 851 experti
764 805 808 838 nec
829 791 858 837 ad

68 871 213 930 peculiarem
226 871 373 930 religionum
384 873 532 919 diversarum
546 872 652 918 indolem
663 871 794 931 informati,
805 873 858 916 tum
927 892 929 895 ·

68 953 124 1010 quia
135 963 176 1008 pro
188 951 302 997 varietate
314 952 406 1009 ingenii
417 954 452 996 est
464 950 511 997 iere
523 950 658 1009 imposibile
670 953 696 997 ut
707 949 858 996 uniformiter

68 1028 199 1087 procedant
209 1030 234 1074 in
247 1032 364 1087 regimine
376 1029 495 1089 spirituaii
515 1018 679 1075 conventuum
694 1029 740 1075 sibi
759 1027 858 1086 subjec—

67 1111 155 1154 torum:
169 1107 233 1166 quod
246 1121 316 1154 nemo
329 1121 378 1154 non
391 1108 491 1154 videtin
506 1107 679 1155 detrimentum
691 1109 856 1166 religiosorum

67 1185 225 1244 perfeccionis
237 1186 380 1234 redundare.
394 1188 428 1234 lix
448 1200 494 1246 quo
511 1186 571 1232 illud
592 1188 749 1246 consequitur
767 1186 857 1245 requiri

66 1266 200 1311 necessario
213 1265 242 1311 ad
254 1266 397 1312 servandam
409 1265 599 1312 uniformitatem
620 1266 785 1323 unitatemque
805 1265 857 1323 spi-

66 1343 161 1389 ritualis
174 1344 320 1398 directionis,
334 1348 360 1390 ut
373 1358 413 1403 per
423 1347 487 1403 ipsos
500 1345 649 1403 singularem
662 1343 780 1390 Ordinem
792 1355 857 1401 prae·

66 1422 165 1479 positos,
178 1422 276 1468 arbitrio
290 1421 471 1469 Ordinariorum
485 1424 666 1481 consubjectos
683 1434 790 1481 quaeque
803 1433 856 1466 mo-
883 1464 885 1467 .

66 1501 170 1545 nasteria
182 1502 296 1559 regantur
307 1515 335 1546 ac
348 1502 506 1548 moderentur.
524 1501 561 1547 Ad
575 1515 624 1547 rem
635 1501 742 1552 Bianohi‚
756 1514 793 1558 op.
806 1514 827 1545 c.
837 1502 855 1544 t.

39 1624 44 1635 ,,
56 1577 109 1624 tv.
122 1592 145 1637 p.
160 1586 211 1625 363:
225 1578 363 1638 «Exemptio
376 1579 551 1627 monachorum
568 1582 592 1625 et
610 1576 779 1625 institutorum
799 1578 856 1625 reli-

64 1658 188 1713 giosorum
199 1657 229 1702 ab
241 1657 414 1717 Episcoporum
422 1658 593 1717 jurisdictione
604 1657 634 1703 ad
645 1659 791 1703 'nrortasticae
800 1656 855 1702 dis-

65 1734 167 1793 ciplinae
179 1737 385 1782 conversationem
395 1736 441 1783 init
455 1738 612 1791 necessaria».
626 1735 673 1783 Otr.
687 1737 758 1786 etiam
769 1735 858 1801 Borrine

65 1812 79 1857 l.
94 1827 115 1859 c.
131 1828 153 1872 p.
174 1820 208 1860 lt.

155 1912 233 1958 Tertia
251 1914 310 1958 ratio
333 1915 513 1973 erenrptionum
533 1912 677 1976 regularium
697 1914 734 1974 sic
754 1913 855 1977 exprimi

65 1982 149 2047 potest:
162 1993 195 2037 ut
209 1991 320 2038 omnibus
339 1996 451 2051 appareat
471 1994 493 2037 et
516 1979 658 2051 luculenter
678 1982 856 2036 dentonstretur

64 2081 190 2114 summum
201 2070 330 2128 imperium
342 2083 370 2117 ao
381 2069 518 2117 immediata
532 2071 557 2116 in
571 2083 654 2115 onrnes
667 2068 748 2114 fideles
767 2069 854 2115 Roma·

66 2158 150 2193 uorum
162 2147 307 2195 Pontificum
317 2146 463 2207 ‚iurisdictiu
477 2162 595 2208 «quornm
606 2157 642 2193 est
658 2148 779 2193 dioeceses
799 2142 855 2193 des-
909 2133 911 2140 Α

65 2223 162 2275 cribere.
175 2240 202 2272 ac
214 2241 270 2273 srros
280 2228 367 2287 ,cuique
379 2228 487 2275 subditos
507 2241 574 2273 sacra
599 2230 714 2286 potestate
733 2226 855 2285 regundos

64 2303 216 2351 attribuere».
233 2300 345 2361 Quamvis
364 2307 525 2353 necessarium
547 2319 594 2352 non
614 2305 723 2351 videatur
734 2304 855 2351 vindicare

60 2380 103 2438 J'us
115 2381 183 2429 Sedis
194 2384 347 2442 apostolicae
359 2384 483 2431 statuendi
495 2384 628 2444 praedictas
647 2386 812 2443 exemptiones
823 2385 854 2429 si·-

63 2458 133 2518 bique
144 2461 266 2521 regulares
279 2463 382 2510 familias
393 2463 530 2510 immediate
542 2462 694 2521 subiiciendi,
706 2464 789 2520 utpote
798 2463 854 2520 quia

63 2537 124 2584 illud
134 2541 174 2597 ius
185 2541 249 2599 apud
259 2540 391 2602 catholicos
403 2543 469 2587 extra
483 2554 579 2590 omnem
593 2542 782 2587 controversiam
792 2541 855 2599 posi·

62 2615 115 2664 tum
129 2621 173 2674 est,
185 2611 291 2678 ¹perenne
301 2622 382 2667 tamen
395 2622 417 2666 et
442 2621 587 2680 praeclarum
608 2611 771 2665 testimonium
790 2618 853 2678 'quod

61 2697 184 2752 regulares
203 2699 307 2757 exempti
326 2698 392 2744 illius
410 2699 516 2758 supremi
532 2700 596 2756 Juris
615 2712 641 2744 ac
660 2696 812 2744 immediatae
829 2698 854 2743 in

63 2786 145 2820 carnes
157 2774 250 2823 Christi
263 2776 345 2822 fideles
357 2775 512 2828 Summarum
526 2775 670 2823 Pontificum
679 2775 854 2834 iurisdictionis

62 2864 103 2909 per
116 2866 199 2900 omnes
212 2854 296 2901 urundi
308 2857 388 2915 partes
408 2856 547 2902 constanter
566 2855 679 2907 reddunt,
702 2867 749 2900 non
770 2867 853 2913 parum

62 2929 154 2978 decoris
168 2935 191 2977 et
203 2933 336 2992 splendoris
348 2935 452 3000 reportat
464 2929 615 2993 Apostolicae
632 2933 695 2986 sedi,
716 2934 785 2992 quus
798 2946 853 3000 ergo
920 2985 921 2988 Ἴ

61 3004 161 3056 interest
174 3010 263 3058 habere
274 3012 407 3070 permultos
419 3011 556 3058 immediate
571 3012 686 3058 subditos.
701 3012 733 3066 (1)

63 3145 171 3158 ———.

109 3201 135 3244 (ll
162 3204 196 3237 Gn.
214 3204 333 3240 circinata.
346 3217 361 3248 pi
374 3205 389 3242 4:
409 3205 460 3238 Verm
479 3205 492 3238 I.
506 3218 521 3239 u.
536 3204 606 3246 364&
625 3206 668 3239 Lod.
689 3199 853 3252 FanfnnuDejure

62 3256 101 3292 Hel,
113 3270 129 3293 n.
141 3258 182 3294 294.
