2091 3569
279 280 649 326 Dcnxnurrrounsaennamuu
829 282 859 321 aa

63 417 143 465 const.
171 416 301 460 «Romanor
318 409 472 469 Pontifices»,
493 409 521 456 ac
551 400 654 468 denique
684 411 858 469 tauquamjns

62 492 191 544 commune
203 490 232 538 ad
244 481 333 545 omnes,
351 490 475 537 Missiones
488 490 626 535 extensum.
643 487 692 534 Gir.
705 487 799 540 March,
824 487 859 534 ΙΙΙ

67 574 91 621 il.
105 579 159 619 862.
437 570 439 573 ¹
546 579 548 585 '

157 653 265 706 demum,
279 653 371 710 tempus
383 650 522 708 illegitimae
536 647 669 702 absentiae„
680 658 729 707 ¹quo
742 651 856 694 trausac-

62 734 95 785 to,
113 717 219 790 Judioori
240 731 312 790 possit
330 728 459 776 aodebeat
483 726 615 786 regularem
637 726 681 772 boo
703 726 857 785 privilegium

62 811 222 872 exemptionis
238 811 366 863 amississa
384 809 409 853 in
427 806 514 854 Codice
532 802 581 851 non
594 805 771 859 determinatum
788 807 857 851 notat

62 902 119 934 vero
136 887 200 934 laud.
219 888 292 946 Aug„
310 889 333 934 iu
349 887 449 947 quadam
468 885 580 932 decretali
597 886 691 932 Martini
708 884 740 932 ΙΙΙ
756 886 780 931 iu
799 887 857 931 uota

61 966 197 1013 Gardiualis
214 964 322 1024 Gasparri
335 965 362 1011 ad
376 979 463 1011 novum
476 964 596 1012 codicem.
610 963 718 1019 editsan.
736 958 804 1018 Ἰ918,
818 977 855 1010 as-

61 1048 187 1104 signatum
197 1044 272 1091 videri
281 1045 408 1091 terminum
418 1043 557 1103 quindecim
568 1043 669 1097 dierum,
682 1045 708 1089 ut
718 1043 853 1101 religiosus,
885 1046 886 1050 ’

61 1124 185 1183 exemptus
201 1124 353 1180 immunitate
370 1123 506 1181 privaretur
522 1122 553 1176 (c.
572 1122 695 1166 adalrao.
712 1121 796 1166 Coaroa.
810 1120 853 1167 ΙΙΙ,

62 1206 93 1259 8).
293 1248 294 1251 ,
678 1201 680 1204 ’

154 1273 178 1338 t)
209 1280 243 1326 Du
255 1292 335 1337 nouus
346 1292 534 1326 rauoncrrnrsus
545 1291 712 1325 accurramus
722 1291 854 1325 oouurssrs:

61 1359 134 1405 Nunc
155 1362 235 1404 autem
259 1358 376 1416 agendum
392 1360 427 1404 est
446 1357 475 1403 de
492 1357 540 1403 illis
558 1360 648 1408 mutuis
665 1357 822 1404 relationibus
841 1372 854 1403 a

56 1437 113 1494 jure
125 1436 233 1482 delinitis
245 1437 346 1484 locorum
361 1436 499 1483 Ordiuarios
510 1437 573 1483 iuter
589 1450 615 1482 ao
633 1436 755 1494 regulares
771 1438 853 1483 orrram

59 1517 199 1560 animarum
217 1515 338 1569 babentes,
356 1513 654 1573 eorumqueSuperiores.
669 1516 734 1571 Quod
748 1518 774 1560 ut
789 1516 864 1560 recte
899 1571 900 1574 Ἴ

60 1593 218 1651 intelligatur,
237 1593 349 1653 quaedam
365 1596 423 1639 sunt
444 1595 557 1638 notiones
579 1593 765 1651 praemittendae
787 1594 853 1638 circa
862 1609 866 1634 1
915 1605 916 1608 ¹

50 1672 143 1718 'modos
163 1671 277 1726 diversos,
298 1673 381 1731 quibus
402 1672 508 1728 religiosi
530 1673 618 1717 munia
632 1671 769 1730 paroecialia
788 1672 854 1717 obire

59 1752 162 1809 queunt,
175 1754 244 1809 prout
257 1764 285 1797 en
294 1749 356 1809 juris
367 1750 477 1797 canonici
493 1750 647 1808 praescriptis
659 1749 769 1813 iuiertur.

153 1837 173 1875 1.
207 1828 300 1876 Etenim
317 1830 435 1889 imprimis
453 1829 516 1874 uuiri
530 1831 609 1887 potest
621 1830 728 1887 paroecia
739 1842 853 1874 commu-

60 1920 131 1964 nitati
159 1912 283 1978 religiosae
306 1921 393 1966 unione
416 1932 465 1965 non
489 1919 635 1965 exstinctiva
653 1920 694 1966 sed
712 1918 851 1973 accessorio,

59 2022 120 2067 quae
132 2010 213 2068 potius
224 2009 323 2077 dicenda
333 2012 369 2056 est
379 2002 552 2069 incorporalia·
565 2013 589 2055 et
605 2010 651 2056 hoc
667 2010 755 2070 triplici
773 2011 851 2058 modo:

56 2100 110 2158 iure
123 2101 271 2159 plenissimo,
279 2103 335 2162 jure
345 2101 413 2160 pleno
427 2095 466 2146 rel
476 2102 529 2159 jure
543 2102 622 2163 minus
634 2102 704 2160 pleno
716 2116 759 2148 seu
776 2103 852 2149 semi—

59 2191 137 2246 pleno.
156 2177 193 2238 Er*
207 2194 283 2251 prima
300 2194 386 2238 unione
400 2180 509 2259 exsurgit
527 2191 664 2238 Praelatura
676 2193 807 2247 «nullius»,
823 2192 852 2239 de

56 2294 102 2339 qua
121 2295 170 2326 non
188 2284 223 2327 est
242 2281 280 2334 hic
296 2295 379 2340 sermm
397 2281 506 2337 seeundo
523 2284 582 2328 unio
600 2270 735 2330 verificatur
752 2282 851 2342 quando

55 2371 149 2417 reditus
161 2374 282 2430 paroeciae
295 2374 438 2419 monasterio
451 2371 592 2428 obtingunt,
607 2374 734 2432 ipsumque
750 2387 851 2421 monas-

55 2459 145 2505 terium
156 2463 259 2507 assumit
270 2444 350 2506 curam
363 2464 512 2515 animarum,
526 2463 557 2507 ita
569 2465 597 2508 ut
608 2462 668 2510 idem
684 2465 715 2510 sit
731 2465 851 2524 parochus

21 2584 22 2588 ,
55 2546 194 2605 habitualis,
209 2564 255 2610 quo
267 2551 291 2596 iu
304 2565 359 2598 casu
373 2553 480 2611 paroecia
492 2553 585 2619 regitur
598 2553 697 2599 ootraollt
705 2567 723 2599 rr
734 2570 775 2614 per
786 2557 851 2602 rica·

32 2683 34 2686 .
55 2640 129 2694 rium,
149 2642 190 2699 qui
206 2641 341 2687 omnimode
358 2644 433 2689 totam
452 2655 535 2689 curam
553 2633 686 2698 animarum
703 2627 805 2693 assumit
818 2647 849 2701 (c.

54 2734 97 2776 471
112 2745 160 2789 par.
175 2733 210 2785 ab
220 2729 244 2777 Si
254 2714 355 2791 denique
367 2734 425 2778 unio
438 2731 570 2790 semipleno
581 2735 632 2792 iure
643 2734 691 2789 fiat,
707 2737 767 2782 tuno
785 2736 849 2783 bona

54 2802 178 2876 paroeciae
201 2823 342 2881 monasterio
363 2822 546 2881 adJudicautur,
570 2824 614 2871 hoc
638 2839 693 2872 vero
716 2824 849 2885 parochum

54 2911 189 2955 sustentare
201 2912 305 2963 tenetur,
320 2912 377 2968 quin
391 2924 416 2957 se
430 2911 563 2957 immisceat
580 2912 673 2959 oliiiciis
689 2915 849 2973 pastoralibus

28 3034 32 3041 ,,
54 2994 84 3047 (c.
107 3002 164 3042 1425
181 3010 231 3055 par.
251 2999 280 3052 1),
294 2996 398 3043 Tandem
410 2997 518 3045 accidere
530 3002 607 3057 potest
618 3003 646 3048 ut
658 3002 716 3047 viris
727 3001 849 3060 regulari-

9 3087 10 3091 ’
55 3082 100 3131 bns
118 3089 238 3146 paroeciae
255 3088 416 3144 conterantur
435 3102 478 3135 seu
490 3090 536 3147 ipsi
548 3090 645 3149 parochi
658 3093 692 3138 vol
705 3093 788 3137 vicarii
803 3106 846 3151 pa·
892 3087 894 3094 '

53 3179 166 3237 roeciales
185 3181 347 3232 nominentur,
366 3182 424 3239 quin
443 3181 523 3240 aliqua
535 3196 562 3228 ex
575 3181 698 3241 praedictis
712 3182 849 3243 unionibus

52 3264 186 3312 intercedat
204 3267 256 3320 (cfr.
278 3280 329 3314 cau.
347 3273 391 3324 lat
409 3282 459 3328 par.
477 3275 499 3321 ὃς
519 3268 600 3314 Verm.
619 3268 629 3314 Ι
646 3281 668 3334 n.
687 3274 737 3323 499,
757 3272 789 3326 3),
803 3270 847 3315 His
