<?xml version="1.0" encoding="UTF-8"?>
<!DOCTYPE html PUBLIC "-//W3C//DTD XHTML 1.0 Transitional//EN"
    "http://www.w3.org/TR/xhtml1/DTD/xhtml1-transitional.dtd">
<html xmlns="http://www.w3.org/1999/xhtml" xml:lang="en" lang="en">
 <head>
  <title>
</title>
<meta http-equiv="Content-Type" content="text/html;charset=utf-8" />
  <meta name='ocr-system' content='tesseract 3.04.00' />
  <meta name='ocr-capabilities' content='ocr_page ocr_carea ocr_par ocr_line ocrx_word'/>
</head>
<body>
  <div class='ocr_page' id='page_1' title='image "./MN42035ucmf_2_0104.png"; bbox 0 0 2091 3569; ppageno 0'>
   <div class='ocr_carea' id='block_1_1' title="bbox 189 260 771 322">
    <p class='ocr_par' dir='ltr' id='par_1_1' title="bbox 189 260 771 322">
     <span class='ocr_line' id='line_1_1' title="bbox 189 260 771 322; baseline 0 -16"><span class='ocrx_word' id='word_1_1' title='bbox 189 267 216 307; x_wconf 81' lang='lat'>76</span> <span class='ocrx_word' id='word_1_2' title='bbox 294 319 295 322; x_wconf 8' lang='grc' dir='ltr'><strong>Ἴ</strong></span> <span class='ocrx_word' id='word_1_3' title='bbox 400 260 771 309; x_wconf 73' lang='lat' dir='ltr'>[tauxnupuoucaccmlmcn</span> 
     </span>
    </p>
   </div>
   <div class='ocr_carea' id='block_1_2' title="bbox 155 391 1014 1236">
    <p class='ocr_par' dir='ltr' id='par_1_2' title="bbox 155 391 1014 1236">
     <span class='ocr_line' id='line_1_2' title="bbox 187 391 977 453; baseline 0.008 -15"><span class='ocrx_word' id='word_1_4' title='bbox 187 392 228 438; x_wconf 83' lang='lat' dir='ltr'>lib.</span> <span class='ocrx_word' id='word_1_5' title='bbox 241 392 270 439; x_wconf 92' lang='lat' dir='ltr'>ll.</span> <span class='ocrx_word' id='word_1_6' title='bbox 284 406 305 438; x_wconf 87' lang='lat' dir='ltr'>c.</span> <span class='ocrx_word' id='word_1_7' title='bbox 317 399 339 438; x_wconf 81' lang='lat'>2.</span> <span class='ocrx_word' id='word_1_8' title='bbox 353 391 458 453; x_wconf 77' lang='lat' dir='ltr'><strong>Insuper</strong></span> <span class='ocrx_word' id='word_1_9' title='bbox 468 393 516 441; x_wconf 83' lang='lat' dir='ltr'>Leo</span> <span class='ocrx_word' id='word_1_10' title='bbox 527 393 590 449; x_wconf 90' lang='lat' dir='ltr'>Xlll,</span> <span class='ocrx_word' id='word_1_11' title='bbox 604 396 673 441; x_wconf 88' lang='lat' dir='ltr'>const</span> <span class='ocrx_word' id='word_1_12' title='bbox 697 397 813 441; x_wconf 79' lang='lat' dir='ltr'>Rarrronoc</span> <span class='ocrx_word' id='word_1_13' title='bbox 831 397 912 452; x_wconf 71' lang='lat' dir='ltr'>Perat,</span> <span class='ocrx_word' id='word_1_14' title='bbox 933 397 977 444; x_wconf 91' lang='lat' dir='ltr'>de-</span> 
     </span>
     <span class='ocr_line' id='line_1_3' title="bbox 187 471 979 539; baseline 0.003 -21"><span class='ocrx_word' id='word_1_15' title='bbox 187 471 284 518; x_wconf 73' lang='lat' dir='ltr'>claravit</span> <span class='ocrx_word' id='word_1_16' title='bbox 296 484 338 530; x_wconf 94' lang='lat' dir='ltr'>pro</span> <span class='ocrx_word' id='word_1_17' title='bbox 350 472 547 520; x_wconf 81' lang='lat' dir='ltr'>Missionariisin</span> <span class='ocrx_word' id='word_1_18' title='bbox 556 473 652 530; x_wconf 77' lang='lat' dir='ltr'>Anglia,</span> <span class='ocrx_word' id='word_1_19' title='bbox 668 479 747 519; x_wconf 72' lang='lat' dir='ltr'>amares</span> <span class='ocrx_word' id='word_1_20' title='bbox 757 472 979 539; x_wconf 80' lang='lat' dir='ltr'>Mica&#39;ounmllacic·</span> 
     </span>
     <span class='ocr_line' id='line_1_4' title="bbox 169 541 979 610; baseline 0.009 -17"><span class='ocrx_word' id='word_1_21' title='bbox 169 541 171 544; x_wconf 71' lang='grc'><strong>’</strong></span> <span class='ocrx_word' id='word_1_22' title='bbox 186 561 231 603; x_wconf 80' lang='lat' dir='ltr'>rac,</span> <span class='ocrx_word' id='word_1_23' title='bbox 245 549 335 604; x_wconf 88' lang='lat' dir='ltr'>Vicarii</span> <span class='ocrx_word' id='word_1_24' title='bbox 347 563 453 610; x_wconf 87' lang='lat' dir='ltr'>quoque,</span> <span class='ocrx_word' id='word_1_25' title='bbox 465 551 669 610; x_wconf 85' lang='lat' dir='ltr'>aliiquereligicsi</span> <span class='ocrx_word' id='word_1_26' title='bbox 678 553 725 598; x_wconf 89' lang='lat' dir='ltr'>viri</span> <span class='ocrx_word' id='word_1_27' title='bbox 736 544 893 600; x_wconf 85' lang='lat' dir='ltr'>missionariis</span> <span class='ocrx_word' id='word_1_28' title='bbox 906 553 979 600; x_wconf 89' lang='lat' dir='ltr'>lacul-</span> 
     </span>
     <span class='ocr_line' id='line_1_5' title="bbox 187 627 1014 694; baseline 0.005 -20"><span class='ocrx_word' id='word_1_29' title='bbox 187 627 275 676; x_wconf 86' lang='lat' dir='ltr'>tatibus</span> <span class='ocrx_word' id='word_1_30' title='bbox 294 629 395 675; x_wconf 90' lang='lat' dir='ltr'>concedi</span> <span class='ocrx_word' id='word_1_31' title='bbox 413 629 491 676; x_wconf 90' lang='lat' dir='ltr'>solitis</span> <span class='ocrx_word' id='word_1_32' title='bbox 507 630 631 685; x_wconf 70' lang='lat' dir='ltr'>instructi,</span> <span class='ocrx_word' id='word_1_33' title='bbox 655 632 697 689; x_wconf 86' lang='lat' dir='ltr'>qui</span> <span class='ocrx_word' id='word_1_34' title='bbox 722 629 827 694; x_wconf 85' lang='lat' dir='ltr'>hospitia</span> <span class='ocrx_word' id='word_1_35' title='bbox 849 633 978 693; x_wconf 84' lang='lat' dir='ltr'>parvasque</span> <span class='ocrx_word' id='word_1_36' title='bbox 1013 640 1014 643; x_wconf 77' lang='grc'>’</span> 
     </span>
     <span class='ocr_line' id='line_1_6' title="bbox 173 694 978 763; baseline 0.002 -9"><span class='ocrx_word' id='word_1_37' title='bbox 173 694 325 754; x_wconf 52' lang='lat' dir='ltr'>*missionum</span> <span class='ocrx_word' id='word_1_38' title='bbox 343 706 432 754; x_wconf 90' lang='lat' dir='ltr'>domus</span> <span class='ocrx_word' id='word_1_39' title='bbox 448 699 568 763; x_wconf 76' lang='lat' dir='ltr'>incolunt,</span> <span class='ocrx_word' id='word_1_40' title='bbox 587 703 649 755; x_wconf 80' lang='lat' dir='ltr'>Cleri</span> <span class='ocrx_word' id='word_1_41' title='bbox 665 708 837 756; x_wconf 76' lang='lat' dir='ltr'>collationibus</span> <span class='ocrx_word' id='word_1_42' title='bbox 853 711 934 756; x_wconf 87' lang='lat' dir='ltr'>adesse</span> <span class='ocrx_word' id='word_1_43' title='bbox 950 724 978 757; x_wconf 88' lang='lat' dir='ltr'>ex</span> 
     </span>
     <span class='ocr_line' id='line_1_7' title="bbox 186 785 975 847; baseline 0.008 -19"><span class='ocrx_word' id='word_1_44' title='bbox 186 786 258 833; x_wconf 84' lang='lat' dir='ltr'>cilicio</span> <span class='ocrx_word' id='word_1_45' title='bbox 270 785 355 833; x_wconf 91' lang='lat' dir='ltr'>debere</span> <span class='ocrx_word' id='word_1_46' title='bbox 380 785 451 832; x_wconf 79' lang='lat' dir='ltr'>Extra</span> <span class='ocrx_word' id='word_1_47' title='bbox 463 785 508 832; x_wconf 94' lang='lat' dir='ltr'>hos</span> <span class='ocrx_word' id='word_1_48' title='bbox 523 799 578 833; x_wconf 89' lang='lat' dir='ltr'>vero</span> <span class='ocrx_word' id='word_1_49' title='bbox 589 787 678 833; x_wconf 89' lang='lat' dir='ltr'>limites</span> <span class='ocrx_word' id='word_1_50' title='bbox 696 787 835 834; x_wconf 83' lang='lat' dir='ltr'>confessarii</span> <span class='ocrx_word' id='word_1_51' title='bbox 848 788 975 847; x_wconf 76' lang='lat' dir='ltr'>regulares,</span> 
     </span>
     <span class='ocr_line' id='line_1_8' title="bbox 155 864 978 930; baseline 0.004 -19"><span class='ocrx_word' id='word_1_52' title='bbox 155 924 157 930; x_wconf 28' lang='grc' dir='ltr'>Ι</span> <span class='ocrx_word' id='word_1_53' title='bbox 186 864 289 912; x_wconf 89' lang='lat' dir='ltr'>cilicium</span> <span class='ocrx_word' id='word_1_54' title='bbox 306 864 437 924; x_wconf 88' lang='lat' dir='ltr'>paroeciale</span> <span class='ocrx_word' id='word_1_55' title='bbox 453 878 502 912; x_wconf 91' lang='lat' dir='ltr'>non</span> <span class='ocrx_word' id='word_1_56' title='bbox 521 864 645 921; x_wconf 72' lang='lat' dir='ltr'>habentes</span> <span class='ocrx_word' id='word_1_57' title='bbox 665 865 724 913; x_wconf 90' lang='lat' dir='ltr'>huic</span> <span class='ocrx_word' id='word_1_58' title='bbox 742 868 892 927; x_wconf 86' lang='lat' dir='ltr'>injunctioni</span> <span class='ocrx_word' id='word_1_59' title='bbox 914 866 978 923; x_wconf 83' lang='lat' dir='ltr'>haud</span> 
     </span>
     <span class='ocr_line' id='line_1_9' title="bbox 185 932 978 1004; baseline 0.003 -14"><span class='ocrx_word' id='word_1_60' title='bbox 185 944 390 1003; x_wconf 82' lang='lat' dir='ltr'>astringebantur,</span> <span class='ocrx_word' id='word_1_61' title='bbox 403 957 446 990; x_wconf 90' lang='lat' dir='ltr'>uec</span> <span class='ocrx_word' id='word_1_62' title='bbox 459 941 567 1003; x_wconf 82' lang='lat' dir='ltr'>poterant</span> <span class='ocrx_word' id='word_1_63' title='bbox 580 944 691 1004; x_wconf 89' lang='lat' dir='ltr'>compelli</span> <span class='ocrx_word' id='word_1_64' title='bbox 703 932 739 991; x_wconf 66' lang='lat' dir='ltr'>ab=</span> <span class='ocrx_word' id='word_1_65' title='bbox 748 943 882 991; x_wconf 88' lang='lat' dir='ltr'>Ordinariis</span> <span class='ocrx_word' id='word_1_66' title='bbox 894 945 922 991; x_wconf 83' lang='lat' dir='ltr'>ud</span> <span class='ocrx_word' id='word_1_67' title='bbox 939 948 978 993; x_wconf 84' lang='lat' dir='ltr'>ac·</span> 
     </span>
     <span class='ocr_line' id='line_1_10' title="bbox 185 1016 977 1088; baseline 0.001 -20"><span class='ocrx_word' id='word_1_68' title='bbox 185 1021 317 1069; x_wconf 87' lang='lat' dir='ltr'>cedendum</span> <span class='ocrx_word' id='word_1_69' title='bbox 339 1021 369 1068; x_wconf 91' lang='lat' dir='ltr'>ad</span> <span class='ocrx_word' id='word_1_70' title='bbox 388 1021 520 1088; x_wconf 78' lang='lat' dir='ltr'>praediatus</span> <span class='ocrx_word' id='word_1_71' title='bbox 535 1022 711 1069; x_wconf 76' lang='lat' dir='ltr'>conferentias</span> <span class='ocrx_word' id='word_1_72' title='bbox 729 1023 832 1084; x_wconf 72' lang='lat' dir='ltr'>Constat</span> <span class='ocrx_word' id='word_1_73' title='bbox 851 1016 883 1068; x_wconf 55' lang='lat' dir='ltr'>&#39;cx</span> <span class='ocrx_word' id='word_1_74' title='bbox 906 1024 977 1069; x_wconf 91' lang='lat' dir='ltr'>variis</span> 
     </span>
     <span class='ocr_line' id='line_1_11' title="bbox 185 1099 978 1168; baseline 0.003 -22"><span class='ocrx_word' id='word_1_75' title='bbox 185 1099 386 1147; x_wconf 82' lang='lat' dir='ltr'>declarationibus</span> <span class='ocrx_word' id='word_1_76' title='bbox 403 1113 430 1168; x_wconf 86' lang='lat' dir='ltr'>ac</span> <span class='ocrx_word' id='word_1_77' title='bbox 447 1101 641 1160; x_wconf 87' lang='lat' dir='ltr'>responsionibus</span> <span class='ocrx_word' id='word_1_78' title='bbox 658 1101 786 1148; x_wconf 69' lang='lat' dir='ltr'>sacrarum</span> <span class='ocrx_word' id='word_1_79' title='bbox 805 1100 978 1164; x_wconf 59' lang='lat' dir='ltr'>Congrcgatiffi</span> 
     </span>
     <span class='ocr_line' id='line_1_12' title="bbox 187 1180 298 1236; baseline 0.009 -12"><span class='ocrx_word' id='word_1_80' title='bbox 187 1192 251 1226; x_wconf 93' lang='lat' dir='ltr'>num.</span> <span class='ocrx_word' id='word_1_81' title='bbox 265 1180 298 1236; x_wconf 85' lang='lat'>(1)</span> 
     </span>
    </p>
   </div>
   <div class='ocr_carea' id='block_1_3' title="bbox 134 1256 1012 2037">
    <p class='ocr_par' dir='ltr' id='par_1_3' title="bbox 134 1256 1012 2037">
     <span class='ocr_line' id='line_1_13' title="bbox 274 1256 976 1331; baseline 0 -15"><span class='ocrx_word' id='word_1_82' title='bbox 274 1270 321 1326; x_wconf 77' lang='lat' dir='ltr'>llll.</span> <span class='ocrx_word' id='word_1_83' title='bbox 356 1272 467 1331; x_wconf 87' lang='lat' dir='ltr'>Denique</span> <span class='ocrx_word' id='word_1_84' title='bbox 478 1274 611 1319; x_wconf 85' lang='lat' dir='ltr'>coarctatur</span> <span class='ocrx_word' id='word_1_85' title='bbox 628 1271 685 1318; x_wconf 89' lang='lat' dir='ltr'>haec</span> <span class='ocrx_word' id='word_1_86' title='bbox 696 1256 846 1330; x_wconf 83' lang='lat' dir='ltr'>regularium</span> <span class='ocrx_word' id='word_1_87' title='bbox 857 1271 976 1317; x_wconf 90' lang='lat' dir='ltr'>immuni-</span> 
     </span>
     <span class='ocr_line' id='line_1_14' title="bbox 134 1349 976 1415; baseline -0.001 -20"><span class='ocrx_word' id='word_1_88' title='bbox 134 1359 136 1363; x_wconf 79' lang='grc'>’</span> <span class='ocrx_word' id='word_1_89' title='bbox 183 1351 220 1396; x_wconf 89' lang='lat' dir='ltr'>tas</span> <span class='ocrx_word' id='word_1_90' title='bbox 236 1349 298 1409; x_wconf 88' lang='lat' dir='ltr'>quod</span> <span class='ocrx_word' id='word_1_91' title='bbox 314 1352 408 1409; x_wconf 81' lang='lat' dir='ltr'>spectat</span> <span class='ocrx_word' id='word_1_92' title='bbox 425 1349 455 1397; x_wconf 87' lang='lat' dir='ltr'>ad</span> <span class='ocrx_word' id='word_1_93' title='bbox 471 1352 584 1410; x_wconf 84' lang='lat' dir='ltr'>scriptam</span> <span class='ocrx_word' id='word_1_94' title='bbox 600 1349 747 1396; x_wconf 89' lang='lat' dir='ltr'>solutionem</span> <span class='ocrx_word' id='word_1_95' title='bbox 764 1352 787 1394; x_wconf 87' lang='lat' dir='ltr'>et</span> <span class='ocrx_word' id='word_1_96' title='bbox 808 1350 976 1415; x_wconf 87' lang='lat' dir='ltr'>remissionem</span> 
     </span>
     <span class='ocr_line' id='line_1_15' title="bbox 149 1414 975 1482; baseline -0.002 -8"><span class='ocrx_word' id='word_1_97' title='bbox 149 1437 150 1441; x_wconf 75' lang='grc'>’</span> <span class='ocrx_word' id='word_1_98' title='bbox 185 1441 282 1475; x_wconf 92' lang='lat' dir='ltr'>casuum</span> <span class='ocrx_word' id='word_1_99' title='bbox 306 1414 335 1473; x_wconf 90' lang='lat' dir='ltr'>iu</span> <span class='ocrx_word' id='word_1_100' title='bbox 356 1428 452 1475; x_wconf 90' lang='lat' dir='ltr'>delectu</span> <span class='ocrx_word' id='word_1_101' title='bbox 474 1429 617 1475; x_wconf 90' lang='lat' dir='ltr'>clericorum</span> <span class='ocrx_word' id='word_1_102' title='bbox 639 1431 817 1482; x_wconf 87' lang='lat' dir='ltr'>conventuum,</span> <span class='ocrx_word' id='word_1_103' title='bbox 841 1428 975 1474; x_wconf 89' lang='lat' dir='ltr'>secundum</span> 
     </span>
     <span class='ocr_line' id='line_1_16' title="bbox 184 1503 976 1573; baseline -0.001 -21"><span class='ocrx_word' id='word_1_104' title='bbox 184 1519 279 1565; x_wconf 85' lang='lat' dir='ltr'>normas</span> <span class='ocrx_word' id='word_1_105' title='bbox 295 1505 325 1558; x_wconf 88' lang='lat' dir='ltr'>ab</span> <span class='ocrx_word' id='word_1_106' title='bbox 341 1505 469 1553; x_wconf 81' lang='lat' dir='ltr'>Ordinatio</span> <span class='ocrx_word' id='word_1_107' title='bbox 488 1508 626 1566; x_wconf 87' lang='lat' dir='ltr'>propositas,</span> <span class='ocrx_word' id='word_1_108' title='bbox 645 1504 735 1566; x_wconf 87' lang='lat' dir='ltr'>quibus</span> <span class='ocrx_word' id='word_1_109' title='bbox 752 1508 864 1552; x_wconf 87' lang='lat' dir='ltr'>tenentur</span> <span class='ocrx_word' id='word_1_110' title='bbox 878 1503 976 1573; x_wconf 79' lang='lat' dir='ltr'>parochi</span> 
     </span>
     <span class='ocr_line' id='line_1_17' title="bbox 184 1572 976 1645; baseline -0.004 -14"><span class='ocrx_word' id='word_1_111' title='bbox 184 1588 207 1631; x_wconf 90' lang='lat' dir='ltr'>et</span> <span class='ocrx_word' id='word_1_112' title='bbox 219 1584 362 1631; x_wconf 86' lang='lat' dir='ltr'>confessarii</span> <span class='ocrx_word' id='word_1_113' title='bbox 380 1585 504 1644; x_wconf 76' lang='lat' dir='ltr'>regulares</span> <span class='ocrx_word' id='word_1_114' title='bbox 518 1588 543 1632; x_wconf 89' lang='lat' dir='ltr'>ut</span> <span class='ocrx_word' id='word_1_115' title='bbox 556 1599 636 1644; x_wconf 78' lang='lat' dir='ltr'>supra,</span> <span class='ocrx_word' id='word_1_116' title='bbox 649 1588 669 1632; x_wconf 89' lang='lat' dir='ltr'>si</span> <span class='ocrx_word' id='word_1_117' title='bbox 682 1587 706 1631; x_wconf 92' lang='lat' dir='ltr'>in</span> <span class='ocrx_word' id='word_1_118' title='bbox 721 1585 822 1645; x_wconf 90' lang='lat' dir='ltr'>prcpriis</span> <span class='ocrx_word' id='word_1_119' title='bbox 835 1592 917 1630; x_wconf 81' lang='lat' dir='ltr'>coium</span> <span class='ocrx_word' id='word_1_120' title='bbox 930 1572 976 1629; x_wconf 58' lang='lat' dir='ltr'>do&#39;-</span> 
     </span>
     <span class='ocr_line' id='line_1_18' title="bbox 183 1660 1012 1723; baseline -0.005 -12"><span class='ocrx_word' id='word_1_121' title='bbox 183 1663 262 1711; x_wconf 86' lang='lat' dir='ltr'>mibus</span> <span class='ocrx_word' id='word_1_122' title='bbox 272 1664 437 1723; x_wconf 77' lang='lat' dir='ltr'>conferentiae</span> <span class='ocrx_word' id='word_1_123' title='bbox 450 1677 499 1709; x_wconf 87' lang='lat' dir='ltr'>rron</span> <span class='ocrx_word' id='word_1_124' title='bbox 510 1663 642 1710; x_wconf 88' lang='lat' dir='ltr'>habeantur</span> <span class='ocrx_word' id='word_1_125' title='bbox 654 1664 685 1719; x_wconf 83' lang='lat' dir='ltr'>(c.</span> <span class='ocrx_word' id='word_1_126' title='bbox 702 1670 742 1723; x_wconf 79' lang='lat'>131</span> <span class='ocrx_word' id='word_1_127' title='bbox 755 1676 803 1721; x_wconf 88' lang='lat' dir='ltr'>par.</span> <span class='ocrx_word' id='word_1_128' title='bbox 818 1660 863 1708; x_wconf 62' lang='lat' dir='ltr'>“zet</span> <span class='ocrx_word' id='word_1_129' title='bbox 873 1661 902 1721; x_wconf 82' lang='lat'>3),</span> <span class='ocrx_word' id='word_1_130' title='bbox 914 1662 976 1721; x_wconf 81' lang='lat' dir='ltr'>quod</span> <span class='ocrx_word' id='word_1_131' title='bbox 1011 1663 1012 1667; x_wconf 75' lang='grc'>’</span> 
     </span>
     <span class='ocr_line' id='line_1_19' title="bbox 184 1742 973 1802; baseline -0.005 -14"><span class='ocrx_word' id='word_1_132' title='bbox 184 1743 352 1802; x_wconf 84' lang='lat' dir='ltr'>praescriptum</span> <span class='ocrx_word' id='word_1_133' title='bbox 371 1756 463 1789; x_wconf 80' lang='lat' dir='ltr'>novirm</span> <span class='ocrx_word' id='word_1_134' title='bbox 479 1745 576 1789; x_wconf 90' lang='lat' dir='ltr'>omuino</span> <span class='ocrx_word' id='word_1_135' title='bbox 593 1746 637 1788; x_wconf 90' lang='lat' dir='ltr'>est.</span> <span class='ocrx_word' id='word_1_136' title='bbox 655 1742 712 1788; x_wconf 83' lang='lat' dir='ltr'>Vid.</span> <span class='ocrx_word' id='word_1_137' title='bbox 733 1743 795 1800; x_wconf 78' lang='lat' dir='ltr'>Aug.</span> <span class='ocrx_word' id='word_1_138' title='bbox 819 1755 841 1787; x_wconf 86' lang='lat' dir='ltr'>v.</span> <span class='ocrx_word' id='word_1_139' title='bbox 858 1742 879 1788; x_wconf 97' lang='lat' dir='ltr'>ll</span> <span class='ocrx_word' id='word_1_140' title='bbox 898 1755 919 1800; x_wconf 90' lang='lat' dir='ltr'>p.</span> <span class='ocrx_word' id='word_1_141' title='bbox 938 1745 973 1786; x_wconf 77' lang='lat'>79.</span> 
     </span>
     <span class='ocr_line' id='line_1_20' title="bbox 183 1819 1004 1880; baseline -0.01 -13"><span class='ocrx_word' id='word_1_142' title='bbox 183 1819 357 1875; x_wconf 88' lang='lat' dir='ltr'>Nihilominus,</span> <span class='ocrx_word' id='word_1_143' title='bbox 373 1822 399 1866; x_wconf 88' lang='lat' dir='ltr'>iu</span> <span class='ocrx_word' id='word_1_144' title='bbox 412 1835 469 1868; x_wconf 89' lang='lat' dir='ltr'>casu</span> <span class='ocrx_word' id='word_1_145' title='bbox 482 1834 528 1880; x_wconf 80' lang='lat' dir='ltr'>qrro</span> <span class='ocrx_word' id='word_1_146' title='bbox 540 1821 680 1868; x_wconf 85' lang='lat' dir='ltr'>collationes</span> <span class='ocrx_word' id='word_1_147' title='bbox 692 1831 736 1866; x_wconf 87' lang='lat' dir='ltr'>seu</span> <span class='ocrx_word' id='word_1_148' title='bbox 748 1825 884 1866; x_wconf 82' lang='lat' dir='ltr'>conventus</span> <span class='ocrx_word' id='word_1_149' title='bbox 902 1821 925 1864; x_wconf 92' lang='lat' dir='ltr'>iu</span> <span class='ocrx_word' id='word_1_150' title='bbox 940 1833 975 1874; x_wconf 82' lang='lat' dir='ltr'>re·</span> <span class='ocrx_word' id='word_1_151' title='bbox 989 1841 1004 1859; x_wconf 10' lang='grc' dir='ltr'>ιι</span> 
     </span>
     <span class='ocr_line' id='line_1_21' title="bbox 141 1894 974 1959; baseline -0.004 -14"><span class='ocrx_word' id='word_1_152' title='bbox 141 1921 144 1925; x_wconf 43' lang='lat'>*</span> <span class='ocrx_word' id='word_1_153' title='bbox 181 1899 301 1959; x_wconf 78' lang='lat' dir='ltr'>galerium</span> <span class='ocrx_word' id='word_1_154' title='bbox 317 1899 432 1946; x_wconf 90' lang='lat' dir='ltr'>domibus</span> <span class='ocrx_word' id='word_1_155' title='bbox 448 1894 617 1959; x_wconf 87' lang='lat' dir='ltr'>supplerentur</span> <span class='ocrx_word' id='word_1_156' title='bbox 631 1900 803 1958; x_wconf 86' lang='lat' dir='ltr'>perscriptam</span> <span class='ocrx_word' id='word_1_157' title='bbox 819 1911 917 1945; x_wconf 88' lang='lat' dir='ltr'>casuum</span> <span class='ocrx_word' id='word_1_158' title='bbox 933 1910 974 1943; x_wconf 90' lang='lat' dir='ltr'>so-</span> 
     </span>
     <span class='ocr_line' id='line_1_22' title="bbox 181 1977 974 2037; baseline -0.001 -15"><span class='ocrx_word' id='word_1_159' title='bbox 181 1977 306 2032; x_wconf 86' lang='lat' dir='ltr'>lutionem,</span> <span class='ocrx_word' id='word_1_160' title='bbox 319 1977 491 2037; x_wconf 85' lang='lat' dir='ltr'>Superioribus</span> <span class='ocrx_word' id='word_1_161' title='bbox 504 1978 632 2037; x_wconf 89' lang='lat' dir='ltr'>Majoribus</span> <span class='ocrx_word' id='word_1_162' title='bbox 644 1977 730 2024; x_wconf 86' lang='lat' dir='ltr'>aliisve</span> <span class='ocrx_word' id='word_1_163' title='bbox 742 1977 771 2024; x_wconf 88' lang='lat' dir='ltr'>ab</span> <span class='ocrx_word' id='word_1_164' title='bbox 788 1977 847 2036; x_wconf 89' lang='lat' dir='ltr'>ipsis</span> <span class='ocrx_word' id='word_1_165' title='bbox 863 1977 974 2034; x_wconf 81' lang='lat' dir='ltr'>designa-</span> 
     </span>
    </p>
   </div>
   <div class='ocr_carea' id='block_1_4' title="bbox 104 2052 977 2116">
    <p class='ocr_par' dir='ltr' id='par_1_4' title="bbox 104 2052 977 2116">
     <span class='ocr_line' id='line_1_23' title="bbox 104 2052 977 2116; baseline -0.002 -13"><span class='ocrx_word' id='word_1_166' title='bbox 104 2098 106 2103; x_wconf 93' lang='lat'>.</span> <span class='ocrx_word' id='word_1_167' title='bbox 135 2058 137 2062; x_wconf 57' lang='lat'><em>⁴</em></span> <span class='ocrx_word' id='word_1_168' title='bbox 181 2058 221 2110; x_wconf 91' lang='lat' dir='ltr'>tis,</span> <span class='ocrx_word' id='word_1_169' title='bbox 233 2052 403 2109; x_wconf 86' lang='lat' dir='ltr'>transmissam</span> <span class='ocrx_word' id='word_1_170' title='bbox 415 2057 489 2116; x_wconf 85' lang='lat' dir='ltr'>(quod</span> <span class='ocrx_word' id='word_1_171' title='bbox 503 2056 552 2103; x_wconf 85' lang='lat' dir='ltr'>lieri</span> <span class='ocrx_word' id='word_1_172' title='bbox 566 2071 641 2115; x_wconf 89' lang='lat' dir='ltr'>posse,</span> <span class='ocrx_word' id='word_1_173' title='bbox 659 2055 748 2102; x_wconf 88' lang='lat' dir='ltr'>iisdem</span> <span class='ocrx_word' id='word_1_174' title='bbox 765 2056 793 2102; x_wconf 93' lang='lat' dir='ltr'>de</span> <span class='ocrx_word' id='word_1_175' title='bbox 810 2057 890 2101; x_wconf 77' lang='lat' dir='ltr'>caricis</span> <span class='ocrx_word' id='word_1_176' title='bbox 906 2068 933 2101; x_wconf 91' lang='lat' dir='ltr'>ac</span> <span class='ocrx_word' id='word_1_177' title='bbox 950 2055 977 2101; x_wconf 89' lang='lat' dir='ltr'>in</span> 
     </span>
    </p>
   </div>
   <div class='ocr_carea' id='block_1_5' title="bbox 138 2128 1025 2652">
    <p class='ocr_par' dir='ltr' id='par_1_5' title="bbox 138 2128 1025 2652">
     <span class='ocr_line' id='line_1_24' title="bbox 182 2128 974 2192; baseline 0 -12"><span class='ocrx_word' id='word_1_178' title='bbox 182 2133 274 2182; x_wconf 90' lang='lat' dir='ltr'>deiectu</span> <span class='ocrx_word' id='word_1_179' title='bbox 291 2128 434 2182; x_wconf 88' lang='lat' dir='ltr'>clericorum</span> <span class='ocrx_word' id='word_1_180' title='bbox 451 2129 615 2189; x_wconf 89' lang='lat' dir='ltr'>collationum,</span> <span class='ocrx_word' id='word_1_181' title='bbox 628 2148 674 2181; x_wconf 91' lang='lat' dir='ltr'>non</span> <span class='ocrx_word' id='word_1_182' title='bbox 689 2133 974 2192; x_wconf 56' lang='lat' dir='ltr'>ambigiturljregulares</span> 
     </span>
     <span class='ocr_line' id='line_1_25' title="bbox 182 2213 982 2269; baseline -0.004 -10"><span class='ocrx_word' id='word_1_183' title='bbox 182 2213 318 2269; x_wconf 81' lang='lat' dir='ltr'>confessarii</span> <span class='ocrx_word' id='word_1_184' title='bbox 334 2217 497 2260; x_wconf 81' lang='lat' dir='ltr'>eximerentur</span> <span class='ocrx_word' id='word_1_185' title='bbox 510 2215 539 2260; x_wconf 89' lang='lat' dir='ltr'>ab</span> <span class='ocrx_word' id='word_1_186' title='bbox 554 2216 706 2260; x_wconf 86' lang='lat' dir='ltr'>iniunctione</span> <span class='ocrx_word' id='word_1_187' title='bbox 719 2227 771 2259; x_wconf 87' lang='lat' dir='ltr'>can.</span> <span class='ocrx_word' id='word_1_188' title='bbox 786 2218 837 2267; x_wconf 83' lang='lat'>131,</span> <span class='ocrx_word' id='word_1_189' title='bbox 851 2226 893 2259; x_wconf 87' lang='lat' dir='ltr'>seu</span> <span class='ocrx_word' id='word_1_190' title='bbox 909 2214 982 2258; x_wconf 63' lang='lat' dir='ltr'>inte-¹</span> 
     </span>
     <span class='ocr_line' id='line_1_26' title="bbox 180 2286 1025 2351; baseline 0 -15"><span class='ocrx_word' id='word_1_191' title='bbox 180 2286 296 2338; x_wconf 80' lang='lat' dir='ltr'>cessandi</span> <span class='ocrx_word' id='word_1_192' title='bbox 314 2290 375 2339; x_wconf 82' lang='lat' dir='ltr'>Cleri</span> <span class='ocrx_word' id='word_1_193' title='bbox 402 2295 532 2339; x_wconf 86' lang='lat' dir='ltr'>conventui</span> <span class='ocrx_word' id='word_1_194' title='bbox 557 2293 606 2338; x_wconf 89' lang='lat' dir='ltr'>sive</span> <span class='ocrx_word' id='word_1_195' title='bbox 628 2291 674 2338; x_wconf 91' lang='lat' dir='ltr'>loci</span> <span class='ocrx_word' id='word_1_196' title='bbox 702 2291 828 2338; x_wconf 85' lang='lat' dir='ltr'>Ordiuerio</span> <span class='ocrx_word' id='word_1_197' title='bbox 849 2292 973 2351; x_wconf 54' lang='lat' dir='ltr'>‘scriptam</span> <span class='ocrx_word' id='word_1_198' title='bbox 1024 2293 1025 2296; x_wconf 77' lang='grc'>’</span> 
     </span>
     <span class='ocr_line' id='line_1_27' title="bbox 180 2369 977 2429; baseline -0.001 -13"><span class='ocrx_word' id='word_1_199' title='bbox 180 2383 279 2421; x_wconf 87' lang='lat' dir='ltr'>casuum</span> <span class='ocrx_word' id='word_1_200' title='bbox 295 2372 441 2417; x_wconf 87' lang='lat' dir='ltr'>solutionem</span> <span class='ocrx_word' id='word_1_201' title='bbox 459 2371 578 2417; x_wconf 88' lang='lat' dir='ltr'>mittendi:</span> <span class='ocrx_word' id='word_1_202' title='bbox 596 2374 656 2417; x_wconf 91' lang='lat' dir='ltr'>tunc</span> <span class='ocrx_word' id='word_1_203' title='bbox 669 2372 735 2416; x_wconf 90' lang='lat' dir='ltr'>enim</span> <span class='ocrx_word' id='word_1_204' title='bbox 749 2369 881 2429; x_wconf 86' lang='lat' dir='ltr'>adaequata</span> <span class='ocrx_word' id='word_1_205' title='bbox 893 2382 977 2416; x_wconf 88' lang='lat' dir='ltr'>cessa--</span> 
     </span>
     <span class='ocr_line' id='line_1_28' title="bbox 180 2447 973 2513; baseline 0.003 -21"><span class='ocrx_word' id='word_1_206' title='bbox 180 2452 216 2493; x_wconf 87' lang='lat' dir='ltr'>ret</span> <span class='ocrx_word' id='word_1_207' title='bbox 227 2447 301 2495; x_wconf 91' lang='lat' dir='ltr'>huius</span> <span class='ocrx_word' id='word_1_208' title='bbox 314 2450 457 2509; x_wconf 83' lang='lat' dir='ltr'>praescripti</span> <span class='ocrx_word' id='word_1_209' title='bbox 469 2450 536 2496; x_wconf 88' lang='lat' dir='ltr'>ratio.</span> <span class='ocrx_word' id='word_1_210' title='bbox 550 2448 696 2509; x_wconf 76' lang='lat' dir='ltr'>Ceteroquin</span> <span class='ocrx_word' id='word_1_211' title='bbox 709 2463 722 2495; x_wconf 91' lang='lat' dir='ltr'>a</span> <span class='ocrx_word' id='word_1_212' title='bbox 736 2447 840 2513; x_wconf 77' lang='lat' dir='ltr'>praefata</span> <span class='ocrx_word' id='word_1_213' title='bbox 852 2448 973 2507; x_wconf 81' lang='lat' dir='ltr'>obligatio-</span> 
     </span>
     <span class='ocr_line' id='line_1_29' title="bbox 138 2521 971 2587; baseline 0.001 -16"><span class='ocrx_word' id='word_1_214' title='bbox 138 2521 140 2524; x_wconf 78' lang='grc'><strong>’</strong></span> <span class='ocrx_word' id='word_1_215' title='bbox 181 2539 209 2572; x_wconf 89' lang='lat' dir='ltr'>nc</span> <span class='ocrx_word' id='word_1_216' title='bbox 221 2526 360 2575; x_wconf 88' lang='lat' dir='ltr'>Ordinarius</span> <span class='ocrx_word' id='word_1_217' title='bbox 372 2527 419 2575; x_wconf 91' lang='lat' dir='ltr'>lcci</span> <span class='ocrx_word' id='word_1_218' title='bbox 436 2529 611 2587; x_wconf 81' lang='lat' dir='ltr'>exemptionem</span> <span class='ocrx_word' id='word_1_219' title='bbox 620 2527 751 2575; x_wconf 84' lang='lat' dir='ltr'>concedere</span> <span class='ocrx_word' id='word_1_220' title='bbox 764 2526 837 2580; x_wconf 85' lang='lat' dir='ltr'>valet,</span> <span class='ocrx_word' id='word_1_221' title='bbox 848 2530 875 2572; x_wconf 88' lang='lat' dir='ltr'>ui</span> <span class='ocrx_word' id='word_1_222' title='bbox 883 2541 911 2573; x_wconf 86' lang='lat' dir='ltr'>cx</span> <span class='ocrx_word' id='word_1_223' title='bbox 921 2528 971 2586; x_wconf 85' lang='lat' dir='ltr'>ipso</span> 
     </span>
     <span class='ocr_line' id='line_1_30' title="bbox 181 2595 786 2652; baseline 0 -1"><span class='ocrx_word' id='word_1_224' title='bbox 181 2618 270 2651; x_wconf 90' lang='lat' dir='ltr'>canone</span> <span class='ocrx_word' id='word_1_225' title='bbox 282 2608 385 2652; x_wconf 82' lang='lat' dir='ltr'>constat.</span> <span class='ocrx_word' id='word_1_226' title='bbox 576 2595 580 2601; x_wconf 73' lang='grc'><strong><em>’</em></strong></span> <span class='ocrx_word' id='word_1_227' title='bbox 784 2597 786 2599; x_wconf 63' lang='grc'><strong>’</strong></span> 
     </span>
    </p>
   </div>
   <div class='ocr_carea' id='block_1_6' title="bbox 269 2692 973 2749">
    <p class='ocr_par' dir='ltr' id='par_1_6' title="bbox 269 2692 973 2749">
     <span class='ocr_line' id='line_1_31' title="bbox 269 2692 973 2749; baseline 0.001 -12"><span class='ocrx_word' id='word_1_228' title='bbox 269 2692 299 2739; x_wconf 78' lang='grc' dir='ltr'>Χ.</span> <span class='ocrx_word' id='word_1_229' title='bbox 332 2694 496 2741; x_wconf 80' lang='lat' dir='ltr'>Pcrvrnneruu</span> <span class='ocrx_word' id='word_1_230' title='bbox 513 2707 692 2749; x_wconf 75' lang='lat' dir='ltr'><strong>QUAESTUANDL</strong></span> <span class='ocrx_word' id='word_1_231' title='bbox 726 2693 910 2740; x_wconf 57' lang='lat' dir='ltr'>Nunc‘tandem</span> <span class='ocrx_word' id='word_1_232' title='bbox 922 2707 973 2740; x_wconf 88' lang='lat' dir='ltr'>res-</span> 
     </span>
    </p>
   </div>
   <div class='ocr_carea' id='block_1_7' title="bbox 179 2769 1044 2833">
    <p class='ocr_par' dir='ltr' id='par_1_7' title="bbox 179 2769 1044 2833">
     <span class='ocr_line' id='line_1_32' title="bbox 179 2769 1044 2833; baseline 0.002 -17"><span class='ocrx_word' id='word_1_233' title='bbox 179 2774 214 2817; x_wconf 90' lang='lat' dir='ltr'>tat</span> <span class='ocrx_word' id='word_1_234' title='bbox 226 2775 392 2830; x_wconf 81' lang='lat' dir='ltr'>utexponatur</span> <span class='ocrx_word' id='word_1_235' title='bbox 401 2774 504 2831; x_wconf 89' lang='lat' dir='ltr'>speciale</span> <span class='ocrx_word' id='word_1_236' title='bbox 513 2774 670 2833; x_wconf 83' lang='lat' dir='ltr'>qrraestuandi</span> <span class='ocrx_word' id='word_1_237' title='bbox 681 2769 836 2833; x_wconf 79' lang='lat' dir='ltr'>privilegium</span> <span class='ocrx_word' id='word_1_238' title='bbox 850 2770 972 2819; x_wconf 89' lang='lat' dir='ltr'>ordinibus</span> <span class='ocrx_word' id='word_1_239' title='bbox 1042 2801 1044 2805; x_wconf 33' lang='grc' dir='ltr'><strong><em>ι</em></strong></span> 
     </span>
    </p>
   </div>
   <div class='ocr_carea' id='block_1_8' title="bbox 121 2841 1004 3067">
    <p class='ocr_par' dir='ltr' id='par_1_8' title="bbox 121 2841 1004 3067">
     <span class='ocr_line' id='line_1_33' title="bbox 179 2841 1004 2918; baseline 0.001 -23"><span class='ocrx_word' id='word_1_240' title='bbox 179 2850 370 2908; x_wconf 88' lang='lat' dir='ltr'>lleudicantibus</span> <span class='ocrx_word' id='word_1_241' title='bbox 382 2864 533 2907; x_wconf 84' lang='lat' dir='ltr'>concessum,</span> <span class='ocrx_word' id='word_1_242' title='bbox 543 2851 575 2913; x_wconf 88' lang='lat' dir='ltr'>ad</span> <span class='ocrx_word' id='word_1_243' title='bbox 589 2854 658 2898; x_wconf 88' lang='lat' dir='ltr'>cuius</span> <span class='ocrx_word' id='word_1_244' title='bbox 675 2851 862 2918; x_wconf 81' lang='lat' dir='ltr'>intelligentiam</span> <span class='ocrx_word' id='word_1_245' title='bbox 877 2841 972 2897; x_wconf 85' lang='lat' dir='ltr'>notetur</span> <span class='ocrx_word' id='word_1_246' title='bbox 1003 2844 1004 2848; x_wconf 65' lang='grc'>’</span> 
     </span>
     <span class='ocr_line' id='line_1_34' title="bbox 178 2918 973 2977; baseline -0.001 -2"><span class='ocrx_word' id='word_1_247' title='bbox 178 2928 303 2975; x_wconf 88' lang='lat' dir='ltr'>distinctio</span> <span class='ocrx_word' id='word_1_248' title='bbox 322 2943 335 2975; x_wconf 92' lang='lat' dir='ltr'>a</span> <span class='ocrx_word' id='word_1_249' title='bbox 354 2918 443 2977; x_wconf 74' lang='lat' dir='ltr'>Codice</span> <span class='ocrx_word' id='word_1_250' title='bbox 458 2934 646 2977; x_wconf 75' lang='lat' dir='ltr'>&#39;corrrmemorata</span> <span class='ocrx_word' id='word_1_251' title='bbox 667 2933 738 2976; x_wconf 86' lang='lat' dir='ltr'>enter</span> <span class='ocrx_word' id='word_1_252' title='bbox 762 2928 924 2976; x_wconf 78' lang='lat' dir='ltr'>Mcrzdtrantac</span> <span class='ocrx_word' id='word_1_253' title='bbox 944 2942 973 2974; x_wconf 81' lang='lat' dir='ltr'>rc</span> 
     </span>
     <span class='ocr_line' id='line_1_35' title="bbox 121 2995 971 3067; baseline 0.001 -14"><span class='ocrx_word' id='word_1_254' title='bbox 121 3032 123 3036; x_wconf 92' lang='lat'>·</span> <span class='ocrx_word' id='word_1_255' title='bbox 178 3005 295 3062; x_wconf 78' lang='lat' dir='ltr'>instituto,</span> <span class='ocrx_word' id='word_1_256' title='bbox 313 3009 428 3067; x_wconf 83' lang='lat' dir='ltr'>quiante</span> <span class='ocrx_word' id='word_1_257' title='bbox 445 3007 581 3056; x_wconf 79' lang='lat' dir='ltr'>Concilium</span> <span class='ocrx_word' id='word_1_258' title='bbox 598 3008 769 3056; x_wconf 77' lang='lat' dir='ltr'>Tridentinum</span> <span class='ocrx_word' id='word_1_259' title='bbox 787 2995 850 3053; x_wconf 83' lang='lat' dir='ltr'>bona</span> <span class='ocrx_word' id='word_1_260' title='bbox 864 3010 890 3054; x_wconf 92' lang='lat' dir='ltr'>in</span> <span class='ocrx_word' id='word_1_261' title='bbox 904 3021 971 3054; x_wconf 90' lang='lat' dir='ltr'>ccm-</span> 
     </span>
    </p>
   </div>
   <div class='ocr_carea' id='block_1_9' title="bbox 179 3190 981 3298">
    <p class='ocr_par' dir='ltr' id='par_1_9' title="bbox 179 3190 981 3298">
     <span class='ocr_line' id='line_1_36' title="bbox 225 3190 968 3238; baseline 0.003 -13"><span class='ocrx_word' id='word_1_262' title='bbox 225 3191 251 3237; x_wconf 83' lang='grc' dir='ltr'>(Ι)</span> <span class='ocrx_word' id='word_1_263' title='bbox 276 3191 294 3227; x_wconf 82' lang='lat' dir='ltr'>S.</span> <span class='ocrx_word' id='word_1_264' title='bbox 312 3192 333 3228; x_wconf 83' lang='lat' dir='ltr'>C,</span> <span class='ocrx_word' id='word_1_265' title='bbox 349 3204 389 3237; x_wconf 85' lang='lat' dir='ltr'>sup.</span> <span class='ocrx_word' id='word_1_266' title='bbox 400 3197 422 3227; x_wconf 81' lang='lat' dir='ltr'>st.</span> <span class='ocrx_word' id='word_1_267' title='bbox 433 3191 488 3236; x_wconf 61' lang='lat' dir='ltr'>Regu.</span> <span class='ocrx_word' id='word_1_268' title='bbox 499 3191 521 3226; x_wconf 87' lang='lat'>15</span> <span class='ocrx_word' id='word_1_269' title='bbox 528 3190 565 3238; x_wconf 81' lang='lat' dir='ltr'>jun,</span> <span class='ocrx_word' id='word_1_270' title='bbox 579 3192 631 3234; x_wconf 73' lang='lat'>16823</span> <span class='ocrx_word' id='word_1_271' title='bbox 641 3193 659 3229; x_wconf 85' lang='lat' dir='ltr'>S.</span> <span class='ocrx_word' id='word_1_272' title='bbox 671 3193 692 3228; x_wconf 87' lang='lat' dir='ltr'>C.</span> <span class='ocrx_word' id='word_1_273' title='bbox 704 3192 734 3229; x_wconf 79' lang='lat' dir='ltr'>d..</span> <span class='ocrx_word' id='word_1_274' title='bbox 747 3191 768 3226; x_wconf 76' lang='lat'>12</span> <span class='ocrx_word' id='word_1_275' title='bbox 779 3191 880 3232; x_wconf 71' lang='lat' dir='ltr'>matildae,</span> <span class='ocrx_word' id='word_1_276' title='bbox 891 3191 912 3226; x_wconf 78' lang='lat'>12</span> <span class='ocrx_word' id='word_1_277' title='bbox 921 3200 968 3228; x_wconf 78' lang='lat' dir='ltr'>ruere.</span> 
     </span>
     <span class='ocr_line' id='line_1_37' title="bbox 179 3250 981 3298; baseline 0.004 -14"><span class='ocrx_word' id='word_1_278' title='bbox 179 3250 312 3296; x_wconf 67' lang='lat' dir='ltr'>micanum.</span> <span class='ocrx_word' id='word_1_279' title='bbox 324 3265 359 3298; x_wconf 76' lang='lat' dir='ltr'>pag</span> <span class='ocrx_word' id='word_1_280' title='bbox 377 3251 420 3294; x_wconf 79' lang='lat'>609,</span> <span class='ocrx_word' id='word_1_281' title='bbox 431 3251 509 3287; x_wconf 70' lang='lat' dir='ltr'>eat-27.</span> <span class='ocrx_word' id='word_1_282' title='bbox 874 3267 876 3272; x_wconf 45' lang='lat'>⁸</span> <span class='ocrx_word' id='word_1_283' title='bbox 978 3271 981 3276; x_wconf 64' lang='lat'><em>&gt;</em></span> 
     </span>
    </p>
   </div>
   <div class='ocr_carea' id='block_1_10' title="bbox 0 0 1050 3569">
    <p class='ocr_par' dir='ltr' id='par_1_10' title="bbox 0 0 1050 3569">
     <span class='ocr_line' id='line_1_38' title="bbox 0 0 1050 3569; baseline 0 3"><span class='ocrx_word' id='word_1_284' title='bbox 0 0 1050 3569; x_wconf 95' lang='lat' dir='ltr'> </span> 
     </span>
    </p>
   </div>
  </div>
 </body>
</html>
