2091 3569
266 233 268 236 ‘
284 238 319 284 Dr
332 249 487 285 rxuuerrcrm
497 221 656 287 neocosmum
832 247 873 286 135

82 372 153 419 modo
164 370 225 417 illud
233 370 326 418 evolvit
338 369 403 417 laud.
416 371 498 419 Verm.
513 373 616 427 Summo,
631 385 656 419 n.
669 378 720 418 497:
734 374 826 433 «....agi
835 373 873 430 (in

81 458 186 514 canone)
203 456 347 504 arbitramur
364 456 393 503 de
410 452 462 517 ipsa
473 457 548 506 forma
560 459 674 517 precandi
684 474 728 509 seu
740 460 768 508 de
779 457 874 505 formu-

82 536 112 582 lis
141 536 277 595 precatoriis
303 538 327 594 ct
351 537 524 583 exercitiorum
551 535 712 586 ordinatione.
726 537 751 586 Si
767 535 873 584 'iormula
911 566 914 571 -

82 621 190 684 nondum
201 621 232 667 sit
240 621 376 681 approbata,
388 622 409 667 si
420 621 539 670 ordinatio
549 621 740 670 extraordinaria
756 636 798 669 seu
810 633 884 679 noval

37 690 39 693 ¹
81 700 152 746 tuerit
170 700 226 755 (non
243 702 332 760 itaque,
351 699 417 746 salva
434 713 495 747 nova
510 699 631 747 Ordinarii
643 702 838 761 praescriptione,
851 700 872 745 si
898 698 900 702 ’

80 772 195 825 consueta
206 765 298 825 ratione
310 779 348 823 via
363 780 453 834 crucis,
468 777 627 825 novemdialis
644 778 745 834 devotio,
758 779 872 825 institua-

81 865 130 919 tur)
146 876 254 922 expressa
269 863 366 910 licentia
384 861 505 909 Ordinarii
522 863 570 909 loci
586 862 716 909 obtinenda
729 864 782 910 erit.
796 863 872 909 Immo

57 941 61 945 ⁴
81 942 226 1000 supponitur
242 954 310 989 casus
327 940 448 988 difficilior
459 940 590 1007 lieri'pcsse
602 945 629 987 ut
639 942 671 987 ab
682 943 733 1000 ipso
746 941 871 989 Ordinario
884 974 885 977 η

79 1026 194 1082 solvatur,
215 1027 248 1072 ita
267 1029 295 1072 ut
313 1024 337 1071 S.
351 1024 410 1072 ‘sedi
425 1025 592 1083 subjiciendus
606 1028 646 1079 sit;
665 1039 710 1072 nec
727 1039 768 1084 pro
780 1023 872 1084 publico

18 1087 20 1093 ¹
80 1102 217 1149 arcuatione
228 1103 369 1150 Ordinarius
381 1091 455 1151 novas
468 1103 566 1149 litanias
578 1103 708 1162 approbare
720 1107 805 1163 potest.
817 1103 871 1149 Huc

80 1185 161 1242 itaque
176 1181 236 1229 redit
253 1185 300 1229 iste
317 1194 405 1228 canon:
420 1181 488 1228 Nihil
500 1184 617 1228 recitetur
630 1184 676 1229 nisi
689 1182 753 1242 quod
764 1186 822 1229 tunc
834 1181 872 1227 vel

80 1267 136 1314 clim
148 1280 257 1326 expresse
269 1266 397 1327 probatum
409 1266 491 1321 fuerit;
505 1258 567 1312 nihil
576 1266 704 1313 insolitum
716 1266 756 1313 liat
768 1269 818 1314 sine
833 1257 880 1312 err-⁴

79 1359 160 1404 pressa
178 1344 295 1393 Ordinarii
309 1345 417 1400 licentia,
435 1345 474 1404 qui
486 1346 589 1402 maiores
602 1332 729 1392 cautiones
738 1345 871 1404 praecipere

80 1427 181 1483 potest».

167 1531 191 1590 t)
222 1532 329 1582 Potestas
350 1534 451 1592 insuper
469 1546 483 1578 a
502 1522 588 1579 Codice
605 1531 723 1579 tribuitur
739 1526 870 1579 Ordinariis

78 1612 184 1658 locorum
204 1609 263 1669 lepor
279 1604 402 1656 statuendi
419 1609 451 1656 od
466 1609 584 1655 moliorem
601 1609 772 1656 obsecrantium
785 1622 865 1655 corum

31 1747 32 1750 Ἴ
76 1708 137 1756 quote
145 1694 339 1764 praescribuntur·
349 1693 376 1740 ia
386 1709 439 1741 run.
455 1697 516 1741 1261
527 1697 608 1755 pori
627 1695 727 1750 scilicet
745 1699 771 1741 ut
788 1694 870 1742 sedulo

77 1776 206 1821 serventur
221 1787 347 1821 sacrorum
364 1787 487 1821 canonum
506 1776 650 1834 praescripta
662 1774 690 1820 dc
702 1774 782 1821 divino
794 1772 868 1826 culto,

59 1901 61 1904 ,
78 1861 101 1904 et
113 1858 141 1904 ud
153 1858 319 1905 removendam
339 1871 522 1919 quamcumque
536 1872 585 1905 rem
603 1859 791 1918 superstitiosam
803 1860 845 1903 aul
856 1870 869 1902 a

77 1937 122 1984 lide
139 1938 239 2001 alienam
258 1937 296 1983 vol
315 1939 344 1983 ab
363 1938 531 1991 ecelesiastica
549 1936 680 1984 traditione
698 1937 813 1984 absonam
831 1935 869 1982 vcl

75 2018 152 2075 turpis
164 2018 276 2075 quaestus
288 2018 391 2075 speciem
404 2017 603 2076 praeseferentem
616 2018 642 2071 in
655 2016 763 2063 ecclesiis
778 2018 800 2061 et
813 2028 868 2061 ora-

75 2102 146 2147 toriis
164 2100 266 2159 publicis
285 2101 355 2147 ctiam
375 2102 551 2160 exemptarum,
567 2094 630 2146 iacta
649 2100 723 2147 eidem
741 2098 868 2147 Ordinurio

76 2178 189 2225 iacultatc
200 2178 335 2238 praedictas
346 2176 460 2226 ecclesias
470 2181 493 2224 et
505 2180 610 2226 oratorie
617 2178 642 2224 tu
651 2177 711 2224 toruo
724 2177 794 2238 finam
807 2176 868 2223 oisi-

77 2255 145 2301 toudc‘
163 2257 193 2311 (c.
213 2263 268 2302 1261
288 2271 336 2316 par.
354 2257 385 2308 2).
405 2259 425 2313 o)
442 2257 501 2304 Item
516 2248 678 2314 subjiciuntur
689 2257 809 2315 regulares
820 2256 866 2302 loci
908 2261 911 2267 “

75 2334 200 2382 Ordinario
216 2335 280 2394 quod
297 2336 390 2396 spectat
406 2336 435 2382 ad
453 2337 620 2383 necessitatem
633 2336 810 2395 approbationis
824 2348 868 2394 pro

74 2418 249 2480 capocraudlso'u
262 2417 314 2464 ruis
324 2418 430 2465 ecclesiis
441 2418 546 2466 insolitis
557 2417 699 2479 inopinitate
709 2424 737 2476 (c.
752 2426 806 2466 1279
816 2432 865 2478 par.

77 2497 106 2553 lig
119 2511 189 2543 secus
200 2496 285 2556 igitur,
298 2499 318 2544 si
330 2498 468 2557 praedictae
477 2499 597 2557 imagines
608 2497 699 2561 nullam
709 2496 866 2557 praescierant

76 2577 215 2630 novitatem3
232 2588 278 2635 quo
296 2563 351 2623 vero
363 2575 394 2622 ad
406 2574 555 2621 arridentium
567 2588 690 2621 carrorum
701 2574 865 2635 reliquiorum,

75 2660 175 2721 publico
186 2660 252 2707 cultu
274 2660 388 2715 honorari
404 2662 515 2721 possunt,
533 2660 664 2707 dummodo
685 2659 867 2707 authenticatae

74 2741 124 2794 sint
141 2739 178 2785 vel
194 2735 223 2784 ab
239 2723 285 2785 alio
302 2739 383 2798 aliquo
395 2739 420 2787 S.
433 2740 460 2786 u.
475 2738 646 2793 incardinari,
662 2738 700 2784 vel
713 2751 726 2784 a
738 2738 782 2784 loci
795 2737 867 2785 Ordi-

13 2836 15 2840 .
75 2802 151 2872 narie,
164 2818 200 2864 vel
211 2817 239 2864 ab
249 2817 358 2864 alie‘viro
367 2818 529 2878 ecclesiastico
540 2817 634 2864 indulto
643 2817 773 2877 apostolico
781 2816 810 2874 ad
820 2815 866 2862 hoc

75 2903 177 2949 munito.
199 2901 341 2961 Excluditur
352 2902 467 2949 Vioarius
477 2901 608 2961 generalis,
623 2902 673 2947 uisi
684 2901 786 2961 speciale
798 2906 866 2946 man·

72 2981 154 3027 datum
167 2979 272 3026 obtineat
285 2980 315 3035 (o.
331 2980 408 3038 1283),
427 2980 553 3027 Jrrdicium
570 2975 801 3040 insuper'Ordinarii
818 2978 865 3024 loci

73 3064 211 3125 praecedere
222 3064 293 3111 debet
304 3067 330 3120 ut
341 3064 454 3124 publicae
463 3066 614 3112 venerationi
624 3065 773 3125 exponantur
783 3076 864 3111 sacrae

54 3151 55 3155 ’
73 3143 194 3203 reliquiae,
206 3145 309 3202 quarum
321 3143 518 3191 authenticitatis
529 3145 674 3191 documenta
688 3143 718 3189 ob
734 3143 863 3204 quemlibet
884 3194 886 3198 y

71 3241 155 3274 cusum
171 3228 315 3283 interierint,
333 3229 449 3288 reliquiae
462 3230 546 3276 tamen
559 3231 673 3288 antiquae
684 3230 710 3274 in
723 3241 749 3274 ea
760 3241 863 3274 venera-
