2091 3569
185 239 228 280 134
379 268 380 272 ,
402 229 774 280 De‘axeurrronaeneuunmuu
798 284 800 288 ,

183 379 266 413 eorum
289 364 655 425 privilegiis*conrnrnnicantes
678 365 824 421 benedicere,
843 363 915 411 eiiam
932 378 975 425 prr

169 499 171 503 Α
183 442 319 504 Superiores
336 441 426 504 locarier,
443 445 692 503 propriasecelesias,
706 433 855 499 coemeteria,
868 431 975 504 capitula

183 525 254 582 atque
273 523 382 577 oratoria,
395 522 562 583 *sequestret
582 512 738 572 consecrata
751 522 913 569 reconciliare.
926 522 977 569 Hce

182 600 334 668 privilegium
355 598 434 647 adhuc
450 602 595 647 sustinetur
610 602 634 647 vi
655 614 675 647 c.
696 606 718 647 4.
738 600 872 648 Benedictio
893 603 974 662 autem

183 672 378 738 paramentorum
394 691 509 725 vasorum
523 692 651 725 :sacrorum
669 682 820 739 caeteraeque
832 679 977 739 supelleeti-

183 757 221 809 iis,
234 758 257 802 vi
268 757 331 814 juris
343 757 480 803 communis
495 758 591 817 antiqui
605 757 638 804 ad
651 757 886 817 solumllpiscopum
899 758 976 816 perti-

184 835 263 890 nebat
276 848 317 894 per
327 835 450 882 laudatum
460 837 542 886 tamen
555 836 708 895 privilegium
721 835 768 882 Leo
786 834 810 881 X·
817 835 924 882 indulsit
935 849 976 880 re·
1006 844 1013 873 .’

182 912 306 973 gularibus
318 914 431 961 Praelatis
443 916 469 959 ut
482 910 581 972 possent
597 916 750 973 «paramenta
773 917 796 960 et
822 915 975 968 ornamenta,

183 991 264 1038 acalia
276 1004 441 1052 quaecumque
461 991 491 1038 ad
508 992 621 1042 divinum
638 986 768 1039 cultumet
783 991 853 1039 usum
867 994 981 1038 restrum

183 1071 325 1124 necessaria,
343 1071 470 1130 inquibus
488 1057 665 1118 Chrismanon
683 1072 821 1137 intervenit,
839 1072 975 1130 pro'vestro

186 1162 230 1195 usu
251 1150 355 1209 tantum,
376 1148 487 1200 sollemni
500 1147 689 1204 benedictione,
712 1150 830 1196 ucetiam
854 1162 896 1208 per
916 1147 976 1193 alios

183 1226 331 1285 deputandos
347 1229 372 1284 in
390 1227 478 1273 vestris
490 1225 609 1286 Capitulis
623 1226 780 1274 Gereralibus
791 1227 931 1277 benedicere
948 1221 975 1272 ae

183 1304 362 1351 reconciliare».
380 1305 450 1352 Unde
464 1306 576 1365 sequitur
595 1319 670 1365 posse
697 1305 975 1365 regularesSuperiores

183 1383 323 1430 benedicere
340 1383 428 1430 nedum
446 1396 540 1431 sacram
555 1384 740 1444 supellectilem,
752 1397 835 1430 verum
849 1385 919 1430 etiam
933 1396 975 1428 sa—

183 1475 236 1508 cras
247 1463 373 1521 imagines
392 1450 591 1526 tabernaculum,
608 1462 769 1523 Pyxidemet
778 1463 913 1519 ¹generatim
924 1474 975 1506 om-

135 1588 137 1592 .
168 1541 233 1594 1111,
245 1539 369 1599 inquibus
381 1540 606 1589 sacramencum
618 1540 753 1587 adhibetur
767 1540 814 1587 cfr.
833 1540 893 1586 deci
907 1538 931 1585 S.
947 1539 972 1589 C.

183 1618 220 1671 u,
240 1624 265 1663 17
283 1620 422 1665 111111176οῑ
440 1620 509 1664 Docr.
528 1618 601 1664 Actio.
620 1618 856 1665 1124571111111111.
872 1617 914 1672 Hi,
930 1630 972 1662 un.

184 1701 260 1742 924-5.
281 1695 363 1743 Oarion
382 1710 436 1743 vero
457 1702 523 1753 1304,
544 1697 794 1757 quin-praejudicium
811 1696 895 1743 afferat
908 1696 985 1742 dicto.

184 1774 315 1833 privilegio,
329 1774 441 1821 omnibus
454 1774 628 1835 Superioribus
645 1776 764 1834 religi-osis
774 1774 912 1821 facultatem
924 1777 973 1821 im·
1026 1765 1027 1768 '

184 1855 256 1912 pertit
265 1852 424 1910 benedicendi
441 1853 538 1921 Sacram
555 1854 727 1920 supellectilem
742 1867 783 1913 pro
797 1855 847 1900 suis
863 1852 974 1899 eeclesiis

183 1934 255 1991 atque
266 1929 377 1993 oratoriis*
386 1931 477 1989 necnec
490 1945 533 1992 pro
545 1934 651 1980 ecclesiis
669 1932 807 1979 monialium
819 1932 864 1978 sibi
876 1931 973 1990 subjec-

183 2013 272 2056 tarum.
847 2064 848 2067 Ἴ

273 2093 364 2145 Pariter
380 2100 491 2159 competit
506 2098 632 2158 'Superiori
645 2099 725 2155 majori
739 2091 973 2157 religionisexcmp-

184 2179 220 2221 tae
235 2174 353 2222 sollemnis
369 2177 503 2224 benedictio
519 2179 635 2237 imaginis
652 2177 973 2238 publicae*ve‘nerationiex-
1020 2214 1024 2220 Δ

184 2255 282 2323 positae:
305 2246 367 2301 hanc
389 2253 586 2302 benedictionem
607 2253 727 2316 Superior,
740 2255 836 2302 cuilibet
854 2253 973 2302 sacerdoti

183 2334 333 2380 committere
349 2336 425 2393 potest
443 2336 474 2389 (e.
495 2341 552 2382 1279
567 2348 616 2393 per.
632 2342 654 2387 43
668 2334 709 2381 eir.
722 2334 813 2389 verm,
825 2336 927 2387 Sammo,
947 2345 972 2378 u.

183 2414 244 2469 503).
262 2411 336 2459 Extra
352 2413 395 2459 hos
412 2426 472 2458 vero
483 2413 574 2459 limites
592 2413 771 2465 benedictiones
785 2411 973 2460 asacerdotibus

182 2490 333 2549 regularibus
349 2482 483 2550 impertitae
499 2492 598 2539 illicitae
614 2495 671 2539 sunt
689 2492 731 2538 sed
742 2492 859 2537 invalidae
872 2503 920 2544 nou
933 2493 973 2536 ri·

174 2563 513 2636 ¹deutur,err-principicean.
529 2572 687 2626 1147'iVerm.
702 2571 717 2616 l.
731 2584 762 2623 1,,
777 2582 800 2615 n.
815 2571 875 2626 510).

272 2667 313 2713 Vl.
348 2667 382 2713 Dn
391 2680 474 2714 DIVINO
484 2667 672 2725 curru-Quod
685 2667 714 2714 ad
728 2681 777 2713 rem
789 2669 895 2713 nostram
905 2679 972 2725 spec-

183 2746 225 2799 tet,
244 2745 300 2791 haec
317 2749 375 2791 sunt
394 2746 479 2805 piacita
497 2747 625 2806 novitatis
639 2748 702 2793 eirca
713 2745 820 2791 divinum
832 2730 932 2792 cultum.
947 2743 972 2803 a)
1038 2732 1040 2740 ’

183 2830 211 2883 ln
224 2832 306 2889 primis
318 2820 471 2877 statuitcau.
486 2837 553 2885 1259,
567 2844 616 2890 par.
633 2838 642 2875 1
657 2834 684 2876 ut
696 2831 831 2877 «elationes
842 2834 864 2875 et
878 2831 973 2896 pietatis

183 2911 295 2955 exercitia
312 2922 342 2954 ne
359 2911 534 2967 permittantur
550 2911 575 2955 in
595 2909 723 2956 ecclessiis
734 2904 905 2962 veloratoriis,
919 2908 973 2954 sine

182 2989 303 3033 revisicne
315 2990 338 3033 et
349 3001 459 3047 expressa
471 2987 593 3036 Ordinarii
605 2987 651 3034 loci
663 2989 769 3042 licentia,
783 2988 823 3046 qui
835 2988 859 3032 iu
875 2986 973 3033 casibus

182 3069 356 3117 difficilioribus
373 3082 422 3115 rem
440 3072 514 3117 totam
530 3068 586 3116 Scdi
603 3068 756 3127 Apostolicae
772 3068 902 3127 subjiciat».
921 3068 971 3114 Hoc

183 3145 362 3208 praesculptum,
381 3148 443 3208 quod
460 3150 533 3195 etiam
549 3136 579 3193 in
593 3141 700 3205 ecclesiis
717 3153 739 3193 et
756 3149 864 3193 oratoriis
876 3147 972 3205 regula-

164 3224 165 3228 ’
182 3229 245 3274 rium
258 3228 347 3274 servari
359 3226 436 3282 debet,
451 3240 500 3274 non
514 3239 586 3286 parva
598 3226 742 3273 obscuritate
755 3225 852 3271 laborat.
868 3225 903 3271 ilc
914 3238 972 3285 quo-
