2091 3569
278 265 312 313 Da
324 271 474 316 erumpamus
485 279 645 316 unanimorum
735 301 736 304 η
829 274 856 314 59

129 422 130 425 ¹
154 400 180 448 Si
191 413 269 447 sermo
280 401 311 446 sit
325 401 355 448 de
365 400 453 449 Ordine
469 399 556 456 laicali,
572 389 661 459 serrari
682 400 751 448 debet
774 413 856 460 praes-

62 493 167 551 criptum
179 506 198 537 o.
212 485 264 546 875,
279 493 366 559 quiite
379 493 455 537 sonat:
469 490 513 544 «ln
521 489 638 549 religione
646 489 725 538 laicali
734 492 853 549 exempta.

62 567 298 638 Superiorlproponit
310 578 494 634 confessarium,
507 580 548 638 qui
559 581 640 624 tamen
662 578 854 637 jurisdictionem

61 648 172 723 obtinere
186 667 260 719 ,debet
279 666 309 713 ab
330 666 454 735 Ordinatio
473 666 525 720 loci,
547 668 572 711 in
585 679 632 725 quo
644 665 757 722 religiosa
768 667 854 713 domus
913 645 915 651 ¹

62 758 203 815 reperitur».
224 755 388 802 Nihilominus
400 756 493 801 intacta
506 755 603 800 manent
621 753 746 813 privilegia
757 753 854 801 illorum
876 768 878 771 ·

61 831 187 901 Ordinem*
198 842 326 897 laicalium,
347 842 434 901 quibus
451 841 588 888 sacerdotes
599 841 628 905 ad
639 840 694 887 illos
706 842 854 899 pertinentes

60 931 96 977 vel
109 931 182 977 etiam
189 929 307 989 capellani
316 928 345 975 ab
352 930 411 987 ipsis
419 942 465 976 non
474 929 503 974 ab
512 928 630 987 Episcopo
640 928 768 988 designati,
777 929 852 976 admi·
865 924 866 927 '

17 1026 18 1029 ’
62 1019 161 1064 nistrare
175 1011 261 1069 valent.
275 1021 300 1064 ut
312 1019 361 1066 iere
372 1021 423 1078 ipse
433 1017 557 1076 parochus,
571 1000 716 1084 sacramenta
731 1029 780 1062 non
793 1010 851 1063 tan-

59 1109 109 1152 tum
121 1106 248 1164 religiosis,
261 1107 429 1152 verumetiam
442 1104 496 1150 aliis
507 1105 538 1149 in·
545 1103 615 1150 domo
627 1096 738 1162 religiosa
758 1103 848 1163 degen—
867 1084 870 1149 J

58 1193 132 1239 tione.
146 1193 182 1239 lta
195 1192 260 1259 Ordo
271 1192 295 1239 S.
309 1194 412 1241 loannis
431 1178 459 1239 de
473 1192 520 1239 Deo
532 1194 582 1252 tam
594 1192 668 1239 multa
682 1191 758 1251 quoad
772 1186 852 1240 admi-

59 1281 228 1327 nistrationem
236 1274 443 1329 Sacramentorum
451 1275 577 1339 sacrasque
585 1278 723 1325 lunationes
735 1281 848 1335 obtinuit,

57 1371 82 1413 ut
95 1362 241 1434 Benedictus
252 1369 309 1416 XIV
327 1368 431 1432 scribere
453 1369 534 1426 possit:
552 1366 628 1414 «Ordo
640 1368 690 1426 ipse
702 1369 791 1416 nedum
804 1367 849 1415 ulli

58 1468 165 1515 uuquam
179 1454 310 1514 parochiali
318 1455 484 1515 Jurisdiotioni
494 1443 678 1515 succubuit...»
697 1455 778 1511 (Brevi
790 1456 848 1501 Cro-

56 1532 221 1581 da'toooolo'rr
235 1535 292 1581 l'eb.
309 1540 362 1581 1757
375 1532 581 1593 apa-rumim,
596 1546 619 1592 p.
635 1539 664 1579 92
677 1536 725 1580 not.
741 1536 771 1590 i).

46 1666 47 1669 Ἴ
149 1613 254 1659 Praestat
267 1626 332 1660 nunc
344 1613 422 1672 aliqua
435 1615 517 1668 notare
533 1613 561 1670 de
581 1612 725 1670 quibusdam
745 1612 849 1660 iaculta-

56 1692 121 1737 tinus
132 1692 251 1749 religiosis
262 1691 367 1755 singulis
377 1692 449 1737 etiam
462 1691 586 1760 exenrptis
599 1704 612 1736 a
623 1702 686 1736 novo
700 1691 753 1748 jure
765 1679 850 1749 elargi-

56 1771 87 1814 tis
99 1770 162 1816 circa
174 1782 257 1815 eorum
270 1769 441 1824 confessiones,
454 1756 557 1835 quarum
568 1771 644 1827 prima
655 1770 687 1814 ita
696 1770 847 1828 exprimitur:

56 1846 80 1903 a)
100 1846 127 1894 C.
150 1854 201 1893 519:
223 1848 323 1903 «Firmis
347 1839 565 1894 constitutionibus
588 1860 647 1906 quae
670 1842 846 1906 confessionem

31 1932 33 1936 ’
54 1928 124 1972 statis
136 1926 284 1984 temporibus
296 1921 445 1985 praecipiunt
462 1925 498 1970 vel
510 1925 614 1970 suadent
624 1926 686 1984 apud
699 1925 847 1973 determina

54 2006 92 2049 tos
104 2005 264 2057 confessarios
278 2004 445 2063 peragendam,
456 2005 477 2049 si
488 2003 625 2062 religiosus,
640 2002 711 2048 ottone
720 2006 847 2066 coemptos,

53 2079 111 2139 (non
121 2096 177 2129 vcro
186 2080 304 2142 morttella,
315 2081 476 2142 quaeincludi
486 2095 555 2141 posse
564 2081 686 2128 videretur
696 2084 719 2128 vi
728 2096 783 2129 can.
793 2088 854 2138 4903‘

52 2159 148 2214 obstant
161 2162 227 2206 enim
239 2172 273 2207 cc.
287 2167 330 2207 522
341 2165 365 2206 et
375 2168 418 2207 876
432 2172 480 2220 par.
494 2160 516 2215 l,'
525 2159 554 2207 de
575 2160 662 2223 quibus
682 2162 795 2220 inferius)
815 2163 845 2209 ad

53 2250 109 2285 suae
121 2240 284 2286 conscientiae
296 2240 401 2296 quietem
413 2240 498 2306 (sensu
509 2240 591 2298 postea
601 2239 766 2298 explanando),
785 2254 843 2288 con-

19 2352 20 2355 *
52 2315 179 2364 fessarium
198 2317 266 2364 adeat
286 2317 315 2363 ab
335 2315 461 2363 Ordinario
480 2318 526 2371 loci
540 2317 706 2376 approbatum,
724 2319 770 2364 etsi
782 2320 847 2365 inter

51 2394 190 2454 designatos
210 2392 264 2442 non'
282 2396 437 2450 recensitum,
460 2395 587 2449 confessio,
609 2400 720 2443 revocato
738 2397 846 2456 quolibet

52 2468 172 2522 contrario
195 2475 318 2534 privilegio
337 2474 409 2533 (ergo,
432 2476 458 2520 ut
481 2476 545 2521 notat
557 2473 619 2527 Blat,
633 2475 669 2519 Do
678 2487 739 2534 porr.
754 2489 775 2534 p.
789 2481 842 2532 499,

51 2544 228 2612 cuiuscumque
241 2553 371 2611 religionis,
385 2554 456 2599 etiam
469 2553 521 2600 Suo.
534 2552 604 2605 lesu,
618 2556 641 2598 et
652 2552 846 2613 quibuscumque

51 2630 168 2677 clausrrlis
191 2630 310 2689 mnnitol‚'
325 2631 403 2679 valida
427 2630 466 2690 (ob
482 2630 680 2690 'Jurisdiotionem
699 2631 845 2679 conlassario

51 2722 191 2756 concessam
204 2715 233 2757 ad
247 2723 355 2757 normam
366 2725 387 2757 c.
400 2715 444 2755 874
456 2722 505 2769 par.
518 2707 537 2767 ll
550 2711 572 2755 et
585 2705 649 2756 licita
661 2708 845 2768 estldummodo

50 2792 145 2836 sarvata
157 2789 230 2847 fuerit
243 2801 308 2835 mens
320 2789 464 2847 legislatoris
481 2787 549 2835 modo
562 2787 664 2834 inferius
684 2789 843 2848 exponendo);
878 2800 884 2813 ’

50 2867 72 2911 ct
85 2867 247 2914 confessarius
258 2870 336 2927 potest
346 2869 484 2928 religiosum
505 2865 629 2912 absolvere
638 2868 710 2913 etiam
719 2881 732 2913 a
742 2870 844 2926 peccatis

50 2947 73 3002 ct
82 2947 188 2993 censuris
200 2949 224 2993 in
238 2948 351 3005 religione
360 2947 509 2993 reservatis».
521 2943 609 2991 Censet
618 2945 648 2991 cl.
659 2945 713 2992 Blat
724 2946 739 2991 l.
753 2960 783 2999 c.‚
795 2959 843 2992 non
918 2961 919 2964 ¹

49 3024 218 3084 comprehendi
231 3035 347 3072 censuras
358 3025 388 3070 ab
402 3025 497 3071 homine
509 3023 707 3070 secundumcan.
718 3030 808 3071 225311.
821 3030 841 3070 2.

48 3101 98 3161 Hoc
115 3104 268 3162 privilegium
280 3087 419 3150 extenditur
431 3105 503 3149 etiam
515 3101 545 3149 nd
564 3104 667 3149 novitios
686 3105 709 3147 ct
731 3116 841 3162 compro-

49 3179 134 3228 lrendit
145 3182 319 3243 contessiones,
333 3196 392 3242 quas
403 3183 509 3241 religiosi
522 3182 584 3228 ritus
596 3182 664 3228 latini
676 3181 770 3227 iaciunt
780 3183 841 3241 apud

49 3260 206 3317 osoniessarios
225 3262 287 3307 ritus
306 3260 438 3316 orientalia,
462 3263 484 3306 et
498 3261 611 3314 uicissim,
632 3252 842 3320 pr=culdecl'ararit
883 3248 884 3251 Ἴ
