2091 3569
252 286 254 290 ¹
278 265 312 311 De
325 274 649 311 nnaurnronnenenanmuu
800 250 809 308 s
831 265 858 305 31

67 402 159 449 Contra
170 400 354 459 impugnantes¹
363 399 412 452 tae.
426 406 448 444 a.
461 398 495 454 (1)
506 397 561 444 Uno
574 395 645 442 verbo
662 408 704 455 per
723 394 859 452 exemptio-

69 494 123 527 nem
135 477 281 532 consulitur,
291 481 318 523 ut
329 477 439 523 observat
451 475 524 536 prael.
537 476 618 522 Verm.
640 476 657 521 l.
670 488 701 527 o,
715 473 777 520 bono
790 485 859 520 oom-

58 559 136 605 'muni
148 556 222 602 totius
234 554 360 609 docleatae,
373 555 401 601 ad
414 554 477 615 qarod
491 553 623 613 plurimum
640 554 712 600 reiert
731 555 758 599 nt
776 551 860 597 floreat

67 640 145 682 status
162 633 297 693 religiosus,
310 634 335 681 S.
348 633 416 679 Sedis
427 635 561 680 auotoritas
575 634 659 679 sancte
670 635 788 699 servetur,
801 630 856 675 sin-

66 714 137 775 gulae
149 713 268 760 dioeceses
279 712 445 772 spiritualibus
456 712 528 759 bonis
540 710 672 763 abundent
686 712 708 756 et
720 713 761 757 oui
779 711 856 755 mani-

68 806 104 839 me
117 792 211 852 prodest
225 791 313 846 haberi,
329 794 422 851 praeter
435 791 521 838 militia
534 790 601 836 velut
619 789 800 849 provincialem.
813 801 857 834 eo-

68 873 117 930 piae
126 883 187 929 quae
196 870 221 915 in
233 870 388 916 necessitates
397 871 471 915 totins
482 868 625 928 reipublicae
637 868 712 926 magis
721 866 858 914 immediate

68 949 205 995 intendant,
350 950 352 954 '

276 1047 284 1121 s
350 1080 529 1131 anniouuus
548 1079 570 1127 u

29 1168 31 1173 ’
54 1197 55 1200 =
127 1174 166 1224 lle
178 1174 364 1232 renuntiatione,
376 1175 578 1236 interpretatione
590 1187 619 1223 ae
633 1173 791 1223 revocatione

305 1254 606 1315 privilegilexemptionis.

78 1378 79 1381 ’
96 1367 206 1438 §L-'tn
220 1378 312 1439 possint
329 1378 459 1439 Regulares
477 1378 670 1440 exemptionibus
679 1377 827 1427 renuntiare.

106 1563 107 1566 ,
156 1516 217 1561 Huie
231 1515 375 1574 quaestioni,
388 1529 460 1574 otram
472 1514 519 1561 sibi
532 1515 639 1574 plerique
651 1516 762 1562 auctores
775 1526 856 1573 propo·

47 1638 49 1641 ,
68 1597 138 1647 nunt,
153 1587 234 1640 utrum
249 1606 333 1653 nempe
344 1595 486 1640 renuntiare
498 1596 586 1653 queant
599 1585 719 1653 regulares
732 1591 857 1652 privilegio

65 1673 221 1731 exemptionis
232 1675 284 1718 sine
295 1671 471 1719 renia'Summi
484 1671 615 1724 Pontifiois
629 1668 753 1731 responsio
764 1672 855 1729 negati·

66 1762 95 1794 va
108 1751 137 1796 ab
146 1752 255 1797 omnibus
265 1737 398 1810 praebetur.
409 1752 478 1798 Ratio
488 1753 593 1798 sumitur
602 1764 630 1796 ex
641 1752 736 1797 motivis
745 1745 856 1808 superius

66 1828 178 1875 adductis
189 1842 357 1876 eoneessarum
370 1830 563 1877 immunitatum.
584 1829 740 1888 Privileginni
759 1840 858 1886 exemp·

66 1907 147 1960 tionis,
172 1909 205 1952 ait
224 1907 344 1954 Sehmaln.
365 1909 401 1953 De
417 1906 480 1968 priv.
501 1921 526 1954 n.
547 1914 599 1961 265,
620 1907 801 1955 «introductum
821 1908 864 1952 est·
884 1897 885 1901 ¹

66 1983 144 2030 lavore
165 1998 210 2030 non
231 1989 280 2031 tam
299 1989 465 2053 exemptarum
486 2000 559 2045 quarn
579 1985 648 2043 Sedis
673 1986 823 2046 Apostolioae
834 1989 858 2032 et

68 2063 150 2123 Papae,
164 2065 236 2122 eujus
243 2067 345 2110 interest
357 2065 468 2111 subditos
480 2078 536 2110 suos
550 2066 587 2111 ‘ab
606 2066 659 2111 aliis
680 2078 725 2111 non
742 2064 855 2124 judicari,

64 2144 205 2200 praesertim
218 2143 367 2203 abepiscopo
384 2143 486 2191 alienon.
914 2127 916 2133 ἲ

155 2222 278 2268 Praeterea
290 2222 492 2268 renuntiatio'illa
509 2225 617 2281 vergeret
637 2224 662 2268 in
683 2222 854 2281 praeiuditium

66 2297 204 2355 Religionis,
218 2303 293 2348 oui-en
305 2300 419 2360 gravibus
431 2288 512 2347 oensis
530 2300 576 2347 hoo
595 2301 747 2360 privilegium
767 2314 855 2363 oenoe-

66 2390 132 2423 ssum
146 2381 190 2423 est.
203 2378 272 2434 Unde
284 2381 395 2439 sequitur
406 2379 529 2438 regulares
551 2392 598 2426 non
620 2382 695 2438 magis
716 2393 785 2439 posse
805 2381 857 2426 suis

66 2459 258 2516 exemptionibus
267 2460 412 2511 renuntiare,
424 2470 496 2518 quam
507 2458 589 2504 valent
597 2457 759 2505 Ecclesiastiei
773 2458 857 2505 pedere

45 2548 109 2595 ‘suo
130 2536 254 2596 privilegio
276 2536 320 2583 fori
342 2539 382 2583 aut
402 2538 510 2589 canonio,
531 2536 594 2596 quod
614 2539 640 2583 in
659 2536 764 2584 lavarem
781 2538 857 2583 totins

66 2613 221 2661 ecelesiastici
233 2618 316 2661 coetus
328 2615 494 2662 introductum
505 2614 560 2661 init.
576 2615 677 2669 Deinde,
690 2616 770 2675 inquit
790 2615 854 2661 laud,

66 2689 185 2739 Sohmala.
198 2693 214 2739 l.
227 2708 258 2747 a,
272 2695 412 2739 renuntatio
426 2696 480 2740 sine
491 2706 616 2739 consensu
626 2693 720 2740 Summi
731 2692 855 2741 Pontideis

65 2768 127 2816 laeta
138 2774 201 2818 esset
212 2773 239 2819 Ei
251 2773 377 2831 iniuriosa,
392 2775 417 2818 ut
430 2785 508 2831 perse
525 2773 598 2830 patet⁴
619 2770 695 2828 Quare
716 2770 855 2826 dicendum,

67 2847 158 2895 nullam
172 2849 373 2906 consuetudinem
385 2851 410 2895 in
423 2852 574 2897 eontrarium
588 2850 723 2909 praevalere
734 2848 802 2909 posse
812 2863 856 2896 nu·

64 2923 172 2986 llnmque
184 2942 264 2982 usum,
277 2931 385 2988 quamvis
396 2943 438 2981 per
449 2941 524 2975 usum¹
541 2927 661 2976 Ordinarii
674 2930 760 2975 sintin
773 2941 856 2987 posse—

64 3004 144 3051 ssione
153 3006 279 3063 ,iudicandi
291 3007 421 3066 regulares:
435 3009 490 3067 qnia
502 3009 604 3053 eatenus
617 3007 759 3065 hujusmodi
777 3019 856 3065 posse-

113 3137 139 3183 (il
165 3138 204 3174 Vid.
223 3138 512 3180 etremQ.187arr.teeQ.188
529 3140 597 3175 erth
616 3140 635 3176 ln
646 3140 707 3183 Sum.,¹
717 3142 757 3173 item
766 3138 784 3173 S.
796 3138 856 3172 Boua-

65 3202 111 3231 vent.
123 3197 186 3242 Opere
195 3199 269 3240 omne.
280 3207 291 3234 t.
303 3199 326 3233 lt
344 3212 359 3244 p,
371 3199 412 3242 547;
425 3202 529 3237 Decretum
540 3199 630 3236 Gratiani
644 3213 659 3234 e.
671 3199 723 3249 XXV
735 3198 787 3235 Onus.
804 3199 855 3238 XIV}

65 3254 129 3294 Pieros.
141 3258 203 3294 Praei.
214 3261 231 3296 J.
244 3261 287 3305 Reg.
300 3260 353 3295 Ην
363 3267 404 3294 rom.
416 3261 438 3295 H.
450 3273 465 3295 e.
477 3261 493 3294 ‘a
505 3259 527 3302 Q,
539 3260 567 3294 10.
817 3259 818 3262 ’
