2091 3569
167 248 216 288 'lot
329 275 330 278 ,
386 242 754 288 Duuxsnrrrouuaueuniarun

172 374 218 432 giis
237 373 265 420 de
285 374 372 434 quibus
384 376 416 420 ‘in
436 388 492 421 can..
508 375 677 434 325¹(exeepto
688 363 834 435 *usupileoli
846 375 962 431 violacei),
994 435 997 440 r

174 466 267 500 necnon
280 457 406 501 memorata
420 453 558 501 conferendi
567 454 664 500 ordines
672 454 791 513 potestate
800 453 848 500 frui
858 452 961 499 valeant.

173 531 285 578 Benedici
297 532 459 578 debentintra
470 535 519 598 tres
531 545 625 578 menses
644 547 657 579 a
670 533 719 579 ,sua
738 529 865 586 electione,
878 533 902 577 et
913 531 965 589 qui-

115 646 117 650 ,
173 609 227 655 dem
238 608 268 655 ab
281 610 450 670 Episcopoloci
460 612 485 657 in
497 624 543 670 quo
552 612 729 658 'monasterium
739 611 813 657 situm
822 614 857 656 est
867 610 963 666 (c.625).

174 689 319 742 Anteahoio
331 690 470 749 obligationi
481 690 544 736 intra
553 695 648 736 ‘annum
658 703 671 735 a
685 703 729 736 sua
740 689 856 736 electione
868 687 964 734 satisfa-

174 779 227 813 cere
248 768 364 826 poterant.
375 770 501 822 ¹ductores
517 769 615 827 insuper
631 768 750 815 docebant
762 767 856 828 quodsi
868 768 964 827 Episco-

174 859 219 905 pus
246 844 623 911 dioecesanus'benedictionem‘
656 851 691 894 ter
714 846 839 893 humiliter
865 846 964 904 petitam
1006 839 1010 850 '

174 923 308 970 Abbatibus
325 924 461 984 denegaret,
479 919 541 972 alius
553 926 687 984 Episcopus
699 939 751 971 earn
760 924 965 984 'impertirevale-

155 996 157 1001 ’
175 1001 223 1055 bat,
245 1015 288 1048 nec
297 1004 384 1049 iterum
395 1003 504 1051 benedici
518 1006 635 1062 poterant,
652 1003 705 1051 licet
719 1003 828 1069 adalind
842 1004 965 1048 monaste-

173 1081 245 1135 rium,
264 1083 330 1128 extra
349 1084 464 1142 propriam
483 1083 709 1137 etiamdioecesim,
735 1081 844 1128 translati
866 1081 964 1127 tuerint.
997 1104 999 1108 ι

175 1158 222 1204 Gir.
236 1160 333 1213 Wernnr
344 1161 374 1207 ll.
389 1174 410 1207 n.
421 1168 463 1207 396
476 1164 498 1207 ot
510 1160 590 1221 0jetti‚
604 1175 625 1206 v.
634 1146 723 1206 'Aciris
735 1160 798 1206 llaec
808 1162 880 1205 etiam
897 1158 965 1205 rale-

123 1257 124 1260 ¹
175 1250 200 1283 re
220 1241 301 1284 nostro
318 1238 433 1286 hodierno
447 1241 501 1298 jure
516 1240 618 1287 intertur
634 1254 663 1285 en
676 1253 703 1285 eo
717 1238 780 1298 quod
792 1234 965 1297 praescriptum

176 1328 230 1360 can.
249 1323 291 1363 625
304 1318 346 1376 jus
362 1320 432 1363 vetus
450 1318 527 1372 refert,
543 1320 613 1377 atque
628 1318 684 1374 ¹ideo
704 1319 850 1376 estantiquis
862 1316 965 1362 criteriis

176 1394 327 1453 interpretari
340 1396 409 1442 debet
421 1397 450 1451 (c.
464 1403 477 1442 6
490 1403 544 1449 9.·2,
561 1398 590 1451 69
605 1389 637 1453 (1)

194 1500 195 1504 =
267 1473 298 1530 i).
331 1474 470 1533 Superiores
501 1474 601 1534 llaJores
627 1477 678 1521 suis
705 1475 810 1521 subditis
837 1473 966 1536 concedere

177 1556 276 1610 possunt
290 1551 383 1598 litteras
401 1552 550 1599 diminuendos
562 1554 591 1600 ad
611 1554 707 1600 ordines
724 1551 796 1598 eriora
811 1564 891 1598 soceros
904 1553 986 1606 reci--

177 1632 275 1690 piendos
289 1631 356 1689 ,iusta
370 1645 478 1678 normam
497 1646 517 1678 c.
532 1640 575 1680 964
588 1645 630 1678 nn.
644 1638 695 1684 2-4‚
709 1634 761 1679 sine
775 1631 862 1691 quibus
874 1643 887 1675 a
901 1629 967 1675 nullo

177 1710 293 1769 Episcopo
314 1711 384 1756 licete
405 1700 507 1757 ordinari
531 1713 642 1770 possunt.
666 1710 790 1769 Congruit
798 1709 846 1768 Juri
870 1709 967 1767 antiquo

177 1787 258 1842 (Ocno.
278 1788 341 1835 Trid.
360 1802 419 1835 sess.
437 1795 465 1834 93
481 1789 508 1835 de
525 1788 574 1835 uer.
591 1802 611 1834 c.
625 1791 657 1844 8).
670 1789 698 1835 ln
710 1790 740 1834 iis
753 1788 841 1834 litteris
853 1785 967 1846 Superior
1010 1835 1012 1840 p

177 1865 245 1912 iidem
260 1867 336 1914 facere
348 1867 417 1913 debet
428 1868 457 1914 de
468 1869 581 1927 qualitate
593 1870 614 1913 et
626 1868 749 1914 domicilio
763 1864 899 1915 ordinandi,
912 1878 967 1910 nec·

167 1954 226 1990 ‘non
239 1946 268 1992 de
279 1947 367 1991 studiis
383 1960 409 1992 ac
433 1947 461 1992 de
473 1948 575 2005 peractis
596 1947 718 1993 exercitiis
740 1944 915 2004 spiritualibus
929 1943 958 1989 de

178 2037 224 2082 qne
236 2025 352 2082 aliisjure
372 2025 503 2083 requisitis.
527 2026 639 2083 Acceptis
650 2025 738 2072 litteris
757 2023 965 2074 dimissorialibus,

178 2099 367 2162 Episcopusnon
381 2103 472 2162 indiget
487 2103 540 2149 aliis
551 2103 755 2150 testimonialibus
769 2105 800 2157 (c.
819 2104 881 2158 995),
905 2101 967 2146 bene

179 2184 259 2227 tamen
274 2184 352 2240 potest
363 2195 391 2227 99
406 2195 481 2228 ¹causa
502 2183 643 2229 rationabili*
658 2182 712 2228 illas
734 2180 893 2240 expostulare.
912 2178 966 2224 Sir.
995 2204 998 2210 ·

153 2268 154 2271 ’
178 2259 270 2315 Verm„
284 2262 387 2315 Sriooo,
399 2274 424 2315 n,
436 2266 488 2307 411.
499 2261 542 2306 Pro
557 2260 759 2329 recipienda‘verc
772 2261 848 2318 prima
867 2261 968 2303 tonsura

178 2331 200 2383 et
213 2338 340 2385 ordinibus
361 2338 493 2385 minoribus
512 2329 653 2399 Superiores
675 2352 714 2385 eas
736 2337 865 2385 concedere
886 2335 969 2381 valent

179 2416 292 2474 professis
304 2419 416 2463 votorum
428 2417 581 2477 simplicium,
594 2417 624 2463 de
635 2418 722 2477 quibus
734 2418 758 2461 in
772 2429 826 2462 can.
841 2419 892 2468 574,
905 2412 968 2460 haud

179 2498 257 2542 tamen
270 2497 376 2550 novitiis,
390 2498 425 2542 uti
436 2496 542 2555 plerique
553 2498 661 2543 auctores
673 2495 772 2553 antiquo
781 2494 838 2552 ‘iure
859 2494 969 2538 antuma-

178 2579 246 2624 bant.
259 2578 309 2626 Cir.
322 2594 358 2626 ex.
371 2594 408 2639 gr:
420 2580 501 2627 Verm.
514 2580 532 2627 l.
547 2593 570 2625 n.
598 2585 635 2625 93.

268 2656 408 2718 Superiores
424 2658 558 2717 regulares
570 2657 694 2718 praefatas
704 2658 797 2704 litteras
818 2657 968 2703 dimissorias

179 2738 273 2784 mittere
285 2740 400 2783 tenentur
411 2737 439 2783 ad
451 2737 595 2796 Episcopum
607 2737 661 2791 loci,
672 2737 714 2783 ubi
724 2735 969 2794 ordinandi‘commc-

178 2819 263 2862 rantur
275 2816 302 2870 (c.
317 2817 554 2872 966999999919
568 2816 664 2862 casibus
681 2829 735 2875 per*
745 2827 799 2862 can.
824 2820 867 2860 966
888 2826 938 2880 par.
961 2811 969 2856 l

208 3048 209 3051 Ἴ
225 3002 250 3050 (ι)
275 3004 327 3036 notai
342 3003 363 3038 u.
381 2986 483 3047 9999999
496 3005 577 3048 [comm.
593 3013 628 3048 pro
643 2988 967 3045 99,,”99,999ορ.1999999-

178 3066 259 3106 uilepinm
275 3076 284 3096 a
298 3065 375 3108 plurimis
392 3065 488 3099 Abbatibns
504 3073 542 3099 aute
556 3065 636 3099 Cromen
652 3066 746 3109 ettennon,
761 3064 779 3095 vi
792 3065 841 3104 enjus
855 3060 927 3093 censebo
940 3063 968 3091 tur

178 3126 262 3158 benedieti
272 3137 290 3158 ec
298 3128 334 3169 ipsc
342 3126 385 3170 quod
396 3125 509 3168 eligebantur.
520 3118 648 3156 adhucmanere
659 3124 673 3154 ri
684 3132 723 3156 cen.
734 3118 869 3163 96199991.
884 3117 970 3159 (maritum,

178 3186 240 3228 inquit
257 3192 331 3230 potestas
341 3186 425 3219 ecferendi
436 3186 505 3229 primum
521 3190 607 3217 tonsuram
616 3191 633 3215 et
643 3180 711 3217 ordines
722 3183 795 3213 minores
805 3180 845 3213 illud
860 3178 968 3222 priviogfflm

179 3258 283 3291 rarrrseqnens
292 3245 389 3281 Alrbrltibos
400 3257 432 3279 uon
443 3245 535 3278 benedictis
545 3244 611 3277 sublate
619 3249 664 3277 este»
