2091 3569
184 254 213 296 54
396 250 429 295 Da
441 248 592 298 axauerrora
603 258 764 299 assummum
811 300 814 311 ,

183 381 290 434 uialibus
301 383 324 427 et
333 381 466 436 sororibus,
476 385 511 429 sio
521 384 626 430 intruens
632 387 746 430 naturam
754 383 893 443 generalem
904 395 975 446 cano·
1003 393 1005 395 ·

183 461 221 526 nis
231 461 341 519 respectu
354 447 516 521 inscriptionis
527 461 592 508 tituli
604 461 666 517 (Blat
678 464 808 521 pegni-tab
832 464 854 507 et
874 462 975 521 insuper

182 539 289 599 apprime
300 540 412 598 congruit
425 539 519 587 decreto
533 538 557 585 S.
570 538 599 585 (b
609 540 638 587 de
651 532 825 597 Rel.‘(16⁵·lfaii
839 542 915 597 1911),
929 554 974 587 cu-

178 616 454 677 21us=haeasantverbaz
467 613 638 665 «Sclnmmodc
650 622 676 666 in
697 632 755 666 casu
771 620 853 678 gravis
864 617 974 665 scandali

182 697 314 749 exterioris,
324 693 437 741 onoaiaiir
448 695 486 741 vel
494 708 571 751 soror,
583 696 696 758 Episcopo
705 699 749 744 loci
759 696 916 756 approbante,
927 697 980 741 sta-'
1005 689 1008 694 ’

181 775 226 819 tim
238 774 267 821 ad
278 774 402 821 saeculum
416 775 505 820 remitti
517 776 600 836 possit,
612 777 645 822 ita
657 779 738 822 tamen
756 780 782 839 ut
794 775 818 822 S.
833 776 901 823 Sedis
913 788 973 822 ocn-

183 851 284 899 firmatio
296 854 386 912 absque
400 865 463 899 mora
475 855 593 911 petatur».
606 855 635 900 A.
649 856 677 900 Α.
690 853 715 900 S.
729 853 769 901 lit.
783 868 806 914 p.
819 860 872 901 23‘3.
884 856 975 914 Appro-

182 931 246 977 batio
265 930 379 990 Episcopi
399 944 464 977 nunc
477 933 547 990 juxta
564 944 682 979 canonem
698 933 822 980 laudatum
841 929 973 985 necessaria

181 1012 217 1055 cst
239 1010 408 1056 tantummodo
428 1010 524 1069 quando
545 1015 638 1069 tempus
658 1023 707 1057 non
729 996 973 1069 adestsSuperiorem

178 1087 296 1145 Maiorem
319 1087 423 1150 adeundi
444 1090 476 1133 et<
490 1088 562 1135 simul
575 1089 717 1148 ⁴periculum
733 1092 773 1145 est
791 1090 817 1135 in
838 1102 909 1135 niora.
923 1084 971 1135 Cir.

146 1192 147 1195 =
182 1163 309 1218 Biatia.
802 1169 804 1172 ’
835 1171 836 1185 ’

273 1266 310 1323 Β).
343 1266 424 1324 Quoad
440 1278 524 1312 sarisas
542 1265 662 1312 parilitatis
680 1252 838 1327 professionis
848 1264 974 1325 religiosae

182 1345 310 1391 sciendum
322 1345 422 1391 e'stillas
434 1344 559 1392 vi-decreti
571 1344 645 1399 frid„
655 1353 760 1392 sesssaa.
772 1359 792 1391 c.
806 1352 832 1391 19
842 1345 871 1391 de
880 1346 938 1403 Reg.
949 1350 972 1390 et

181 1425 260 1468 const.
273 1421 300 1469 Si
311 1421 392 1468 aaran
403 1422 525 1470 Benedicti
541 1422 605 1478 XIV,
627 1429 638 1469 7
658 1409 823 1480 Martiittaa,
844 1424 972 1483 praeterito

182 1501 234 1559 jure
246 1502 386 1561 pertractari
397 1501 507 1554 debuisse
518 1500 718 1561 formajudiciali.
737 1501 835 1552 iudices
854 1502 973 1559 assignati
1036 1537 1038 1539 .

181 1579 348 1626 ai'ridentino
360 1579 429 1626 erant
446 1579 560 1640 Superior
571 1579 692 1640 regularis
710 1582 734 1626 et
752 1579 896 1626 ordinarius
917 1578 971 1634 loci,
1006 1627 1023 1642 ¹,

180 1657 268 1717 quibus
279 1657 458 1717 adjungebatur
478 1658 589 1706 defensor
608 1646 761 1718 professionis
782 1658 915 1717 religiosae.
933 1658 973 1704 ⁴lid
1023 1672 1025 1676 ·

180 1737 246 1784 hunc
256 1736 330 1783 finem
341 1737 400 1783 Ben.
413 1735 471 1783 XIV
484 1738 509 1783 in
520 1738 562 1783 cit.
575 1738 652 1783 const.
665 1737 774 1783 iniunxit
789 1736 922 1783 Ordinariis
933 1736 971 1781 lc-

180 1805 265 1862 ccrum
278 1817 307 1862 nt
318 1817 344 1861 in
356 1828 401 1861 sua
414 1829 507 1875 quaque
525 1815 626 1862 dioecesi
646 1814 784 1878 hujusmodi
795 1816 972 1861 constituerent

148 1909 152 1918 ⁸
180 1893 338 1953 professionis
350 1893 474 1952 religiosae
493 1893 657 1948 defensorem,
671 1894 711 1939 cui
729 1893 793 1939 idem
817 1890 975 1939 incumbebat

180 1971 285 2019 officium
303 1969 331 2020 ao
351 1970 472 2018 defensori
491 1972 581 2019 vinculi
601 1972 790 2018 matrimonialis.
812 1969 928 2024 Tandem,
947 1973 974 2016 ut

179 2051 234 2110 quis
246 2050 310 2114 licite
320 2051 455 2110 relinquere
468 2051 573 2110 potuerit
589 2039 740 2109 religionem,
753 2050 813 2097 duas
835 2043 972 2096 conformes

181 2142 222 2188 pro
236 2129 347 2175 nullitate
359 2129 515 2188 professionis
525 2123 666 2183 sentencias,
679 2141 729 2175 nou
741 2143 812 2175 secus
823 2142 851 2174 ac
864 2130 889 2173 in
916 2141 972 2186 prc-

179 2221 246 2255 cessu
259 2206 439 2265 matrimoniali,
452 2207 561 2253 obtinere
573 2206 681 2254 debebat.
696 2207 783 2254 Nostro
792 2207 911 2264 veroium
922 2209 972 2251 tota

179 2299 217 2333 res
228 2286 314 2332 deferri
326 2288 418 2345 oportet
430 2285 460 2332 ad
472 2284 496 2332 S.
514 2284 542 2332 G.
555 2286 583 2332 de
595 2286 643 2350 liei.
657 2287 686 2341 (c.
700 2289 764 2340 586),
776 2298 837 2344 quae
843 2286 914 2344 juxta
934 2298 974 2330 re-

178 2364 248 2423 gulas
269 2378 327 2411 suae
346 2365 521 2423 competentiae
535 2365 570 2422 (c.
592 2367 644 2420 251.)
669 2366 793 2423 negotium
819 2364 974 2422 pertractavit

180 2434 369 2501 probabilissime
380 2444 406 2488 in
418 2443 456 2488 via
467 2443 665 2496 administrativa,
675 2446 709 2488 ,ut¹
717 2445 800 2487 censet
819 2442 850 2488 cl.
873 2441 973 2488 Biader-

178 2520 369 2574 laen-urrunsa,
384 2535 406 2580 p.
416 2526 467 2567 290}

270 2613 305 2674 C).
340 2618 374 2664 De
384 2620 465 2664 causis
476 2631 531 2664 vero
542 2614 601 2681 qaam
611 2619 764 2663 rarercautar
774 2619 798 2664 S.
815 2615 899 2676 Officio
918 2620 971 2662 sta-

179 2696 256 2742 tuit-c.
270 2703 311 2741 toi
324 2709 374 2755 par.
388 2702 409 2742 2:
422 2691 606 2755 «Superioribus
615 2696 759 2755 quibuslibet
769 2696 879 2743 districte
892 2693 973 2754 prohi-

148 2760 149 2763 Ἴ
180 2773 257 2827 betur,
270 2775 402 2832 quominus
413 2775 438 2820 in
449 2775 529 2821 causis
551 2774 580 2820 ad
592 2773 616 2820 S.
629 2772 737 2831 Officium
757 2763 925 2833 spectantibus
947 2787 973 2818 se

177 2853 365 2899 intromittant».
379 2853 440 2899 Istae
452 2866 547 2908 causae,
563 2854 630 2912 prout
643 2866 671 2898 eu
683 2854 754 2899 variis
765 2852 807 2899 SS.
823 2851 971 2898 Psintificum

113 2988 114 2991 Ἴ
177 2930 393 2978 constitutionibus
406 2930 533 2986 habentur,
546 2934 603 2978 suut
614 2935 749 2990 sequentes:
760 2932 783 2986 a)
796 2927 968 2978 criminahae-

169 3009 237 3055 ,rasis
257 3009 295 3055 vei
313 3007 454 3056 schismatis
464 3012 487 3056 et
499 3022 561 3070 quae
573 3011 598 3054 in
611 3010 663 3068 iure
672 2998 784 3056 'inferunt
805 3009 970 3067 suspicionem

177 3077 292 3140 haeresis
313 3088 346 3143 (1)
370 3088 393 3143 b]
405 3100 490 3134 causae
501 3087 607 3142 illorum,
620 3090 666 3147 qui
674 3075 804 3148 Episcopos
815 3086 854 3134 vel
866 3087 970 3146 Inquisi-

114 3204 115 3207 ¹
178 3204 286 3216 ¹——

225 3250 251 3295 (l)
273 3250 335 3285 'Conse
348 3251 447 3287 Romanus
457 3250 547 3288 Pontifex
559 3251 605 3284 Pauli
615 3250 635 3291 V3
642 3258 696 3285 const
704 3250 814 3290 ilcelallaa
822 3251 919 3285 Alexandri
928 3249 969 3284 Vll.
