2091 3569
189 243 231 283 112
294 220 295 223 ¹
407 237 440 283 Iln
452 249 603 284 uxuurrrorn
615 242 773 292 ascenaeret

114 371 115 374 ’
172 365 300 432 loquitur:
311 355 427 417 „cCure'nt
446 368 587 429 Superiores
605 372 630 416 ut
643 368 886 428 religiosieubditi‚sa
896 382 921 414 se
933 367 977 415 de-

187 448 294 512 signati,
317 449 459 507 praesertim
497 450 522 495 in
550 448 663 497 dioecesi,
684 448 774 507 inque
790 446 890 507 degunt,
907 460 978 499 ,curn

187 539 201 571 a
222 526 331 577 locorum
346 525 485 575 ,Ordinariis
496 573 497 578 ,
508 526 544 573 vel
567 524 686 593 parochis
701 539 785 574 eorum
813 528 977 581 ministerium

187 593 537 663 requirIturadeonsuiendum
544 606 626 665 populi
636 606 781 661 necessitati,
788 610 843 660 vtum
852 606 915 652 intra
925 608 978 662 tum

187 686 255 738 extra
274 684 382 743 proprias
399 684 512 731 eeclesias
530 688 576 742 aut·
591 679 701 742 oratoria,
712 683 815 743 publica,
829 683 898 738 illud,
911 684 978 737 salva

115 754 116 758 ’
186 760 300 819 religiosa
311 761 447 821 disciplina,
460 761 564 820 libenter
574 764 717 823 praestent.»
731 762 759 809 ut
770 763 794 807 in
809 774 859 822 par.
872 768 894 807 2:
916 762 978 808 «lli-

188 841 270 886 cissim
287 840 392 892 iecorum
404 839 524 888 Ordinarii
535 854 562 898 ao
572 839 673 901 parochi
685 839 789 898 libenter
799 843 900 886 utantur
909 853 979 900 opera

189 918 365 977 religiosorum,
375 956 376 959 ,
386 920 523 979 praesertim
534 921 568 965 rin
589 918 691 967 dioecesi
710 919 859 977 degentium,
873 920 897 964 in
911 930 979 975 sacro

179 997 326 1051 ‚interserto
342 1000 369 1043 et
387 999 488 1052 inarime
500 998 526 1043 in
538 996 727 1044 adminiStrando
738 1000 887 1053 sacramento
900 997 979 1056 poeni:

133 1070 135 1077 ⁴
189 1075 304 1131 tentiae.»
323 1074 358 1122 lix
375 1075 464 1134 quibos
478 1074 557 1122 verbis
573 1074 730 1123 confirmatur
742 1074 850 1122 doctrina
863 1079 887 1131 et
899 1075 978 1134 praxis

189 1151 310 1206 Ecclesiae
328 1166 341 1198 a
360 1155 448 1213 primis¹
463 1154 566 1210 saeculis
581 1155 632 1214 jam
651 1153 846 1201 servatautendi
865 1153 989 1200 nimirum
1024 1149 1025 1152 ’

188 1243 262 1289 opera
281 1231 427 1290 regularium
447 1245 487 1291 pro
506 1234 638 1279 animarum
656 1244 723 1286 cura]
735 1244 838 1285 necnon
854 1245 896 1291 pro
913 1237 979 1278 reeta

189 1307 365 1367 gubernatione
384 1313 455 1370 atque
477 1311 632 1372 institutione
656 1310 762 1357 fidelium
786 1309 979 1369 universalisque

191 1379 320 1434 Ecclesiae.
341 1382 385 1429 Hic
406 1395 533 1430 memorare
552 1386 669 1447 oporteret
681 1380 979 1436 testimoniafianctorum

190 1472 217 1505 ac
240 1459 379 1528 Doctorum,
409 1461 597 1520 documentaque
616 1450 748 1514 Pontificia,
768 1452 828 1519 quae
842 1462 906 1507 circa
919 1459 981 1506 banc

165 1528 166 1531 '
191 1538 281 1596 praxim
304 1543 327 1584 et
345 1538 479 1586 doctrinam
498 1552 547 1586 non
570 1533 644 1597 semei
664 1538 811 1598 prodierunt,
836 1538 865 1584 de
889 1537 977 1597 quibus

118 1656 120 1658 ,
191 1615 270 1674 aliqua
288 1606 376 1663 sumus
394 1618 468 1677 locuti
487 1619 513 1664 in
534 1618 697 1677 superioribus
716 1617 834 1674 arttcuiis.
851 1616 896 1663 Hic
908 1613 978 1662 etiam

190 1694 258 1740 iocus
271 1696 380 1755 proprius
392 1685 458 1743 adest
471 1696 570 1743 notandi
578 1695 723 1743 desiderium
733 1694 866 1741 vehemens
875 1693 980 1740 Sanctae

192 1772 276 1836 Matris
291 1761 412 1821 Ecclesiae
423 1774 578 1835 concordiam
589 1773 700 1825 servandi
712 1760 782 1833 atque
803 1772 902 1822 fovendi
914 1774 979 1835 inter

189 1852 317 1911 utriusque
336 1852 398 1900 Cleri
419 1839 555 1917 minIstros;¹
572 1865 628 1898 narn
641 1852 784 1912 praedictam
801 1844 978 1902 «concordiam,

189 1929 224 1985 ait
243 1928 292 1975 Leo
312 1929 369 1977 XIII
388 1931 461 1986 (laud.
479 1936 557 1979 const.
581 1933 694 1978 Romanos
712 1928 849 1989 Pontifices)
861 1917 979 1988 efflagitat

188 1998 247 2054 ¹linis
267 2012 407 2055 communis
426 2010 466 2069 qui
479 2010 542 2056 situs
563 2010 636 2056 estin
647 2009 725 2056 salute
736 2009 874 2055 animarum
886 2008 980 2055 iunctis

117 2110 118 2113 =
191 2081 279 2136 studiis
291 2093 318 2133 ac
333 2081 425 2128 viribus
437 2082 609 2142 quaerenda;...
624 2080 681 2128 baec
692 2084 789 2140 signum
801 2080 914 2140 estquod
926 2082 980 2125 sin-

118 2160 119 2164 ’
190 2151 259 2204 ⁴ceros
272 2156 371 2206 Obi'risti
384 2158 514 2219 discipulos
525 2160 554 2207 ab
565 2162 595 2206 iis
606 2160 754 2208 disterminat
767 2160 844 2219 quise
857 2159 916 2204 tales
927 2171 990 2212 esse¹

194 2233 400 2279 nrentiuntur...».
722 2250 723 2253 ¹

283 2299 359 2358 Verba
371 2312 412 2359 cit.
425 2325 479 2359 can.
493 2318 544 2365 608,
556 2311 613 2358 iicet
624 2323 673 2378 non
686 2308 810 2377 rideantur
819 2311 902 2357 stricte
915 2322 980 2367 prae-

192 2383 295 2447 ceptiva,
308 2392 436 2436 continent
449 2396 536 2444 tamen,
550 2394 575 2436 ut
589 2393 651 2436 recte
664 2387 729 2435 notet
742 2389 772 2434 cl.
787 2388 901 2441 Iiondini,
915 2401 938 2446 p.
952 2393 980 2433 52

192 2470 276 2512 verum
289 2471 452 2527 praeceptum.
465 2468 564 2532 clipeare,
578 2470 655 2528 incolt
668 2468 786 2528 praelatus
797 2471 890 2521 auctor,
900 2464 979 2513 cilicio

192 2548 235 2591 suo
246 2544 361 2614 deessent
371 2546 490 2605 regulares
501 2550 530 2602 si,
543 2547 607 2594 salva
620 2548 702 2594 eorum
720 2546 828 2605 religiosa
840 2544 979 2603 disciplina,

193 2614 330 2671 recusarent
342 2630 460 2685 praestare
471 2639 531 2686 opus
542 2639 613 2672 suum
624 2626 740 2685 Episcopo
751 2629 774 2670 et
794 2621 904 2683 parochis
924 2636 978 2682 pos*

192 2702 304 2749 centibus
316 2704 416 2763 istisque
435 2707 523 2764 pateret
543 2705 622 2751 aditus
633 2702 745 2768 recursus
756 2703 785 2749 ad
797 2702 884 2750 Sedem
904 2703 982 2760 Apos-

192 2776 391 2838 toIIcarn.>›Quod
403 2781 562 2829 confirmatur
573 2796 601 2828 ex
614 2784 759 2841 praescripto
770 2771 821 2828 can.
836 2786 902 2833 1334,
914 2785 980 2833 1336,

196 2865 259 2905 1345.
277 2859 373 2906 litentur
393 2873 419 2905 ea
439 2860 546 2908 doctrina
565 2862 636 2921 primi
655 2860 738 2908 borum
756 2872 877 2906 canonum
890 2863 982 2916 constat

192 2937 255 2997 quod
266 2940 345 2984 stante
359 2952 412 2985 vera
423 2940 572 2994 necessitate,
581 2938 672 2998 judicic
683 2937 801 2995 Ordinarii
812 2938 858 2984 loci
869 2934 981 2996 compro-

192 3016 247 3062 bata
266 3018 316 3073 (oui
331 3017 426 3076 judicio
439 3019 560 3083 regulares
571 3015 633 3064 stare
645 3017 742 3075 debent,
757 3018 804 3062 uisi
816 3016 844 3063 de
858 3017 982 3062 contrario

165 3121 166 3124 κ
193 3088 320 3136 nranitesto
339 3092 452 3146 constet),
475 3094 591 3136 leuentur
609 3090 655 3148 ipsi
674 3090 702 3137 ad
719 3088 877 3149 praebendam
895 3086 981 3147 populo

164 3177 170 3186 ,
192 3160 353 3208 caracterem
364 3161 549 3215 icatrcdlocan,
563 3163 701 3222 praesertim
713 3165 738 3209 iu
749 3162 849 3221 propriis
861 3161 981 3215 ecclesiis;

195 3234 258 3280 ,rude
270 3236 381 3294 sequitur
393 3237 464 3282 etiam
478 3236 553 3282 teneri
565 3236 588 3281 in
602 3235 686 3282 alienis
697 3235 814 3289 ecclesiis,
829 3236 849 3280 si
862 3233 892 3279 ab
909 3234 982 3293 Epis-
