2091 3569
180 251 224 293 104
399 241 597 307 Dsaxsurrmun
609 250 768 296 assuetarum

266 378 308 426 IV.
340 380 488 428 Beunntorro
502 394 609 429 erratis.
618 381 802 442 -Regularibus
814 380 908 429 tandem
918 386 970 439 pro·

175 455 271 504 bibetur
287 470 334 517 quo
351 460 429 506 minus
446 459 554 519 papalem
573 461 766 508 benedictionem
785 459 868 508 eodem
880 458 925 506 'die
941 470 969 504 ao

175 533 226 582 loco
242 548 289 595 que
306 536 440 596 Episcopus
455 537 523 584 illam
539 539 693 599 impertiatur
704 540 749 599 ipsi
764 540 787 586 in
799 538 851 585 suis
862 532 970 586 ecelesiis

175 608 249 659 vel'in
261 614 367 662 ecclesiis
379 617 520 664 monialium
528 619 574 664 aut
586 611 747 665 tertianorum
761 630 806 664 suo
820 616 896 664 ordini
912 614 970 673 legi·

176 691 233 737 time
248 690 417 751 agregatorum
433 695 573 755 impertiant
589 696 653 752 (can.
671 697 733 752 915).
752 697 831 742 Antea
848 694 969 754 regulares

168 769 307 829 nequibant
319 772 345 817 in
364 772 472 820 ecclesiis
492 775 633 822 monialium
645 775 717 822 etiam
735 773 781 820 sibi
802 772 969 832 subjectarum
1037 774 1039 783 '

175 849 212 894 uti
224 848 347 908 privilegio
356 851 511 910 impertiendi
520 853 590 900 talem
601 852 803 905 benedictionem,
814 851 884 898 sieuti
898 848 969 896 hodie

174 938 203 971 ex
223 926 301 974 verbis
319 927 392 988 hujus
407 932 510 977 canonis
526 932 585 991 ipsis
602 930 753 978 conceditur*
767 929 814 977 Gir.
828 942 889 988 resp.
903 928 927 976 S.
940 927 966 974 G.

173 1003 281 1064 Indulg.‚
298 1011 318 1052 4·
328 1006 374 1062 iel).
394 1014 458 1056 1754:
474 1010 542 1058 Decr.
556 1009 633 1057 Auth.
649 1016 737 1056 n.<tee.
754 1008 882 1056 Advertere
893 1007 965 1053 etiam

174 1085 265 1141 oportet
275 1097 329 1131 cnm
339 1084 369 1131 cl.
383 1085 473 1143 verm„
485 1081 589 1143 Samma
603 1101 628 1134 n.
643 1093 695 1143 373,
709 1094 730 1144 2,
741 1100 857 1136 canonem
866 1092 909 1133 915
918 1097 967 1132 non

174 1173 243 1219 agere
260 1161 288 1209 de
305 1162 471 1211 benedictione
488 1166 566 1226 papali
583 1180 654 1226 quam
671 1167 695 1212 in
714 1165 761 1212 ilne
775 1165 917 1213 missionum
930 1161 968 1208 vel

174 1239 292 1287 similibus
308 1240 582 1300 adjunctismissionarii
599 1244 719 1303 regulares
735 1244 857 1304 impertire
869 1234 968 1302 permit-

174 1320 268 1374 tentem
282 1320 323 1367 sed
334 1320 363 1367 de
375 1322 498 1382 privilegio
511 1331 567 1381 quo,
580 1325 631 1370 sine
643 1322 840 1370 aliacondicione
858 1321 895 1367 vel
908 1321 968 1366 mis-

174 1396 249 1443 sionis
265 1397 302 1444 vel
321 1399 407 1446 similis
430 1402 609 1448 exercitationis
629 1402 733 1461 pietatis,
753 1400 873 1459 regulares
894 1398 967 1444 talem
997 1455 999 1460 Ι

175 1474 366 1523 benedictionem
383 1477 438 1526 dare
452 1481 555 1538 queunt.
573 1478 657 1538 Quoad
676 1473 720 1526 hec
735 1476 831 1525 tantum
849 1477 968 1523 limitatur

174 1567 233 1601 esus
250 1554 278 1601 ad
299 1558 382 1606 certas,
394 1557 509 1604 eeclesias
521 1551 623 1617 'nempe'
644 1559 750 1617 ipsorum
777 1556 922 1615 regularium
944 1557 986 1615 et-

171 1634 314 1681 monialium
331 1634 366 1680 vel
380 1637 545 1683 ‘tertianorum
560 1637 636 1696 primo
654 1635 732 1682 ordini
747 1634 853 1693 legitime
866 1645 967 1692 agrega-

145 1725 146 1729 ’
172 1716 258 1767 tamnu
271 1715 305 1759 ¹et
325 1713 484 1761 excluduntur
502 1714 555 1761 dies
572 1716 596 1761 et
617 1715 686 1762 locus
707 1714 812 1769 (civitas.
833 1711 964 1772 oppidum),

172 1789 261 1849 quibus
273 1790 405 1851 Episcopus
416 1805 468 1851 eam
478 1793 607 1852 impertiat.
621 1793 685 1851 Quae
700 1791 806 1839 exclusio
821 1790 966 1851 praescripta

169 1869 221 1927 Jam
237 1870 363 1918 invenitur
378 1873 404 1918 in
419 1866 546 1931 praeterita
557 1871 715 1930 legislatione.
730 1869 778 1917 Cir.
793 1869 867 1916 Breve
879 1867 967 1915 Leonis

172 1946 238 2005 XIII,
258 1949 328 2006 lini.
349 1956 412 1997 1882:
429 1951 523 1997 Decret.
540 1949 563 1997 S·
575 1949 602 1996 O.
618 1951 645 1997 ll.
664 1963 688 1996 n.
702 1956 768 1996 3550.
783 1947 855 1995 Addit
867 1946 965 2000 tandem

172 2025 202 2071 cl.
217 2025 278 2081 Blat,
296 2029 331 2073 De
349 2026 429 2084 Rebas,
447 2029 473 2075 P.
491 2030 510 2084 Ι,
528 2043 582 2090 pag.-
596 2035 652 2085 1302,
671 2028 793 2088 regulares
810 2027 833 2073 vi
845 2040 898 2073 ean.
912 2017 964 2078 ela,
1011 2076 1012 2079 Ἴ

171 2093 278 2164 papalem
293 2104 487 2154 benedictionem
504 2108 626 2168 impertire
643 2107 720 2154 valere
736 2108 762 2153 in
774 2105 877 2165 propriis
889 2104 966 2170 eecle-

171 2184 213 2230 siis
237 2185 307 2231 etiam
326 2184 456 2244 dispunctis
475 2199 519 2233 seu
544 2199 594 2233 non
617 2186 718 2232 adnexis
739 2172 964 2234 communitatibus,
988 2213 992 2218 .

172 2274 266 2308 necnon
282 2263 307 2308 in
324 2263 434 2310 ecclesiis
450 2265 592 2333 monialium
604 2265 661 2310 «tan
674 2262 765 2318 Ordini
778 2275 849 2323 quam
861 2259 965 2307 Ordina-

170 2342 205 2386 rlo
224 2341 333 2388 locorum
352 2343 524 2403 subjectarum,
541 2356 597 2390 cum
617 2356 695 2390 canon
714 2341 776 2390 nihil
792 2340 919 2394 discernat,
936 2352 964 2384 ac

169 2419 264 2467 tandem
282 2421 308 2466 ln
322 2420 430 2469 ecclesiis
446 2422 610 2474 tertianorum
627 2421 682 2469 licet
693 2420 840 2480 regularium
848 2418 964 2479 jurisdic-

169 2500 229 2545 tioni
251 2512 299 2549 non
321 2499 500 2559 subjectorum.
516 2484 561 2547 nec
580 2503 660 2547 tamen
679 2500 788 2559 loquitur
804 2498 833 2545 de
850 2496 970 2543 tertianis.

169 2577 334 2625 saecularibus
345 2591 447 2638 quorum
460 2591 509 2639 non
521 2583 581 2625 sunt
592 2579 700 2638 propriae
712 2578 850 2625 ecclesiae».

259 2669 361 2728 Insuper
377 2670 497 2729 regulares
513 2669 655 2717 subduntur
665 2669 792 2728 Episcopis
802 2669 828 2714 in
840 2669 870 2715 iis
882 2668 963 2714 onini-

168 2748 214 2794 bus
225 2750 359 2806 quaesunt
376 2746 468 2794 ordinis
482 2745 627 2808 episcopalia,
646 2750 672 2795 ut
689 2749 713 2794 in
730 2747 961 2800 consecrationibus,

168 2825 196 2873 de
219 2826 306 2886 quibus
326 2826 427 2874 inferius
446 2831 538 2887 agetur,
559 2830 583 2872 et
603 2827 742 2885 praesertim
761 2827 788 2872 in
807 2826 962 2889 susceptione

169 2917 291 2950 sacrorum
302 2903 420 2951 ordinare.

193 3042 195 3045 ,
257 2995 287 3042 V.
320 2995 465 3043 Oenrunmo'
482 2997 797 3064 recursurun.-Janrvero
821 2995 898 3055 quoad
921 3008 959 3041 sa-

167 3075 318 3121 cramentnm
335 3073 430 3122 Ordinis
448 3072 506 3122 haec
525 3077 585 3122 sunt
596 3066 683 3134 placita
696 3076 752 3121 novi
765 3075 833 3133 iuris:
846 3073 871 3131 o)
885 3071 962 3120 Athos

165 3144 284 3212 repellaris
296 3151 323 3198 de
334 3151 446 3211 regimine
466 3154 574 3201 conferre
587 3157 663 3214 potest
678 3156 779 3214 primam
797 3156 922 3200 tonsuram
938 3155 962 3199 et

167 3231 262 3278 ordines
281 3232 391 3287 minores,
410 3231 538 3280 dummodo
555 3233 733 3293 promovendus
748 3234 780 3279 sit
791 3234 837 3292 ipsi
848 3231 961 3279 subditus
