2091 3569
360 545 361 553 ,
495 512 689 567 v[nir-crin
727 512 728 515 ¹
778 544 780 550 .

317 605 327 609 '⁴
423 612 424 617 ¹
455 590 736 674 exemeno‘p‘ersolans.
857 613 858 616 ¹
924 591 925 594 ’
966 603 969 611 ’

154 796 155 799 ¹
286 743 369 802 Quoad
381 745 544 803 exemptiones
556 744 693 804 personales
702 746 818 804 imprimis
827 744 990 791 determinan-

137 832 139 835 ’
198 822 298 869 domest
311 835 427 881 quaenam
440 824 490 868 sint
503 823 531 869 de
542 822 605 869 iacto
617 835 734 881 personae
746 824 775 869 iis
792 821 990 869 immunitatibus

196 900 337 960 gaudentes,
352 901 413 961 quod
426 902 471 947 erit
484 901 602 960 objectum
621 902 690 960 primi
704 900 778 960 hujus
789 902 873 960 capitis
893 901 988 948 articuli

198 981 222 1026 in
236 978 296 1026 diras
308 978 378 1026 dirisi
392 979 560 1040 paragraphos,
584 978 678 1026 duabus
696 979 822 1040 speciebus
843 978 988 1037 regularium

201 1057 378 1116 respondentes,
392 1058 450 1103 viris
462 1071 547 1118 nempe
559 1071 585 1104 ae
598 1058 749 1110 monialibus.

469 1210 471 1213 >
495 1189 695 1237 narrantusi

411 1267 437 1305 De
448 1267 472 1305 lis
481 1267 513 1314 qul
523 1266 560 1305 troc
571 1266 670 1328 privilegio
679 1268 772 1306 truantur.
815 1257 816 1261 ¹

398 1350 559 1414 §leonculi
573 1347 699 1411 regulares
712 1351 787 1401 viros.
844 1396 845 1399 ,

244 1476 245 1479 “
285 1485 353 1543 Quod
364 1490 455 1547 special
468 1486 498 1532 ad
510 1486 633 1544 regulares
645 1489 708 1533 viros
723 1486 766 1534 troc
776 1474 898 1544 privilegio
907 1487 987 1534 irueu·

195 1570 231 1612 tes
241 1567 334 1613 exstant
347 1578 381 1612 oe.
395 1572 439 1610 500
461 1578 509 1623 par.
523 1565 569 1611 let
588 1571 640 1618 615,
661 1551 763 1624 quorum
784 1567 875 1624 primns
893 1559 986 1613 statuit:

143 1636 145 1639 ’
194 1643 354 1704 «subduntur
364 1656 459 1703 quoque
472 1643 576 1702 religiosi
588 1642 712 1690 Ordinario
725 1643 780 1696 loci,
792 1645 822 1689 iis
831 1646 937 1703 exceptis
946 1647 987 1703 qui

194 1736 208 1768 a
219 1721 278 1768 Sede
289 1722 423 1781 Apostoliea
435 1722 595 1779 exemptionis
607 1722 759 1781 privilegium
772 1724 896 1769 consecuti
918 1729 985 1774 sunt,

194 1800 258 1846 salva
270 1804 485 1860 semperpotestate
493 1813 565 1858 quam
574 1800 617 1857 jus
627 1802 697 1845 etiam
706 1801 732 1845 in
744 1813 783 1845 eos
795 1800 901 1847 locorum
920 1800 986 1848 Ordi-

177 1873 181 1879 ⁶
196 1878 409 1926 nariisconcedit».
420 1879 448 1925 ln
465 1877 540 1924 altero
552 1891 606 1925 vero
623 1891 713 1924 canone
729 1878 923 1926 determinantur
937 1882 988 1939 qui·

195 1970 250 2003 nam
260 1961 320 2003 sunt
329 1958 375 2009 isti,
382 1957 486 2015 religiosi
494 1958 599 2016 exempti
610 1956 641 2003 ab
650 1956 767 2003 Ordinarii
777 1957 823 2003 loci
838 1957 987 2015 jirrisdictio-

197 2047 233 2080 ne.
242 2036 282 2081 Ait
293 2036 360 2080 enim
372 2050 390 2081 c.
412 2040 463 2080 615:
474 2035 629 2093 «Regelares¹
641 2036 738 2081 novitiis
747 2048 796 2082 noo
805 2036 919 2089 exclusis,
937 2037 987 2081 sire

194 2103 242 2159 riri
250 2114 301 2158 sire
314 2112 434 2166 mulieres
449 2126 505 2161 cum
517 2126 601 2159 eorum
613 2114 725 2160 domibus
737 2118 761 2160 et
772 2114 888 2169 ecclesiis,
904 2127 987 2172 excep-

194 2193 225 2237 tis
236 2192 266 2238 iis
279 2192 423 2238 monialibus
435 2205 496 2251 quae
509 2191 679 2251 Superioribus
701 2192 852 2251 regularibus
862 2206 911 2238 non
927 2193 987 2238 sub-

194 2273 258 2324 sunt,
272 2269 302 2316 ab
313 2268 434 2316 Ordinarii
447 2271 495 2317 loci
502 2270 673 2330 jurisdictione
684 2273 789 2330 exempti
801 2266 868 2325 suot,
883 2276 984 2336 praeter·

195 2361 266 2407 quam
279 2343 411 2395 in'oasibns
423 2351 500 2407 aJure
512 2351 653 2408 expressis».
665 2349 735 2396 Nunc
745 2362 800 2396 vero
811 2351 836 2395 in
846 2351 986 2396 memoriam
1025 2409 1029 2416 A

195 2427 343 2473 revocandae
355 2432 412 2474 sunt
424 2430 537 2474 notiones
554 2428 579 2473 in
599 2427 675 2487 primo
697 2427 770 2486 binus
789 2428 864 2473 thesis
884 2429 986 2474 articulo
1002 2417 1003 2420 ¹
1020 2444 1021 2448 ¹

194 2505 293 2553 traditae
305 2506 334 2552 de
346 2507 454 2566 subjecto
468 2506 586 2565 privilegii
598 2508 766 2566 exemptionis.
779 2505 815 2552 Ex
823 2504 871 2552 illis
882 2507 971 2552 inferta
977 2520 987 2551 r

194 2585 289 2631 nomine
301 2583 447 2643 repertorium
470 2588 554 2631 venire
574 2584 699 2643 religiosos
719 2585 772 2631 illos
793 2586 833 2644 qui
856 2588 909 2630 vota
931 2576 985 2631 licet

193 2651 334 2722 temporaria
345 2664 441 2710 tantam
456 2668 629 2722 nuncuparunt
639 2666 664 2709 in
680 2662 767 2709 Ordine
777 2676 821 2710 sen
830 2664 952 2722 Religione
962 2665 984 2709 in

193 2755 240 2800 qua
252 2744 305 2787 rota
316 2742 440 2788 sollemnia
462 2744 612 2789 emittuntur
631 2755 678 2800 qno
697 2745 794 2789 nonrino
813 2743 984 2789 venire'etiam

193 2820 297 2866 diximus
310 2825 332 2867 et
345 2819 550 2880 Ocngregationes
562 2822 706 2866 monasticae
726 2825 748 2865 et
769 2822 820 2878 ipsa
841 2821 984 2865 oronasteria
1002 2813 1003 2818 ’

131 2908 132 2911 ¹
192 2896 300 2957 suijuris
313 2912 355 2945 seu
367 2899 395 2946 ad
408 2899 501 2945 nullam
513 2898 730 2963 Congregationem
752 2900 908 2945 monasticam
930 2911 992 2967 per-5

192 2979 306 3025 tinentia.
320 2977 368 3024 Otr.
381 2991 403 3023 e.
421 2985 474 3024 488.

281 3050 384 3097 Nomine
395 3051 471 3109 igitur
483 3050 641 3109 regularium,
656 3050 745 3110 quibus
757 3063 770 3095 a
782 3049 870 3096 Codice
886 3062 985 3109 exemp-

165 3184 166 3188 *
191 3130 225 3176 tio
238 3129 382 3183 conceditur,
395 3128 637 3187 comprehenduntur
651 3142 735 3175 omnes
746 3128 845 3188 professi
857 3128 914 3175 licet
925 3128 985 3175 sim·

119 3222 124 3231 ·
191 3207 248 3266 plici
260 3208 408 3267 professione
419 3208 516 3253 tantum
529 3206 554 3264 a)
565 3208 590 3253 in
600 3205 821 3266 Conprepotc‘ontlas
839 3205 982 3260 monasteria,
