2091 3569
289 249 325 297 lla
336 262 658 310 nxauerrounauounanrun
695 280 697 284 ,
840 258 869 297 72
902 276 904 279 v

73 383 228 444 quaeritandi
239 385 304 431 intra
316 383 402 432 limites
411 387 452 432 s'ui
461 386 588 440 territorii,
601 385 642 432 sed
660 384 703 433 hoo
718 384 764 431 sub
781 385 870 432 condi-

72 465 141 510 cione
159 464 223 523 quod
239 464 363 523 «religiosa
374 464 458 512 domus
470 479 500 511 22
512 464 706 512 mendicatione
699 478 723 512 1n
735 463 786 511 sola
798 463 869 518 dioe-

74 543 133 596 2221,
152 543 240 602 inqua
257 545 293 589 est
303 544 451 600 constituta
469 525 539 591 nullo
557 543 627 589 modo
641 557 720 589 222222
733 556 797 603 possr
799 543 867 598 a(
885 556 887 560 ·

75 629 117 670 621
137 634 188 685 par
197 628 256 677 222
243 622 286 669 o.ir
300 622 374 681 praei..
384 622 491 680 2122122).
505 621 531 669 Si
542 625 621 681 ergo
611 622 665 668 2122
676 635 768 668 2222222
770 626 807 668 22
770 607 874 667 non

72 702 169 753 existat,
183 700 244 746 bene
255 703 333 761 potest
344 701 373 747 ab
385 700 512 765 Ordinario
524 701 572 766 looi
585 713 733 761 quacumque
750 714 778 746 en
795 712 868 748 cansa

73 779 187 831 rationali
204 778 262 825 haec
281 779 379 825 11222212
395 780 518 839 denegari.
536 778 584 826 Cir.
603 773 716 834 Bondini‚
735 791 756 837 p.
774 785 810 831 11,
824 778 879 824 ubi
924 834 926 838 y

72 856 163 904 subdit:
177 856 243 914 «Qua
255 858 279 903 22
287 870 316 903 re
333 860 486 915 praeteritum
500 859 544 917 jus
560 857 712 917 aliquatenus
726 857 867 903 restrictum
900 912 901 916 Ἰ

71 936 207 983 invenitur.
221 935 275 981 Non
286 937 351 981 enim
362 936 417 982 22122
428 937 541 984 22222212
552 950 573 982 2
577 937 680 1000 2222212
681 936 713 988 222
728 927 867 995 requireba-

71 1016 113 1060 tnr
116 1013 185 1061 Gir
199 1014 258 1070 Ρ22
272 1016 329 1060 om
343 1011 604 1072 ripensem»

163 1074 313 1121 Adnotaret
303 1074 398 1132 tandem
416 1075 487 1122 122222
478 1075 716 1147 topinionemaol.
736 1075 817 1122 Verm.
841 1077 867 1121 in
917 1089 919 1092 ’

70 1165 116 1199 sno
129 1166 199 1212 opere
211 1154 246 1199 De
258 1147 386 1211 1122222212,
398 1155 456 1208 22
469 1167 493 1217 r
506 1154 517 1200 Ι
530 1167 554 1200 2
569 1159 620 1208 372,
631 1155 784 1218 propositam,
793 1139 866 1213 juxta

70 1245 144 1296 quam
161 1233 244 1291 quaest
247 1245 304 1278 nare
320 1244 368 1278 non
387 1232 445 1280 dicit
436 1235 484 1288 tur,
504 1234 560 1292 «oui
581 1223 667 1292 paucas
682 1233 771 1298 aliquot
783 1227 867 1279 domos

70 1309 122 1356 adit
132 1310 173 1357 ubi
181 1312 245 1374 *ratio
258 1312 293 1357 222
305 1324 347 1368 eur
357 1300 467 1358 levamen
477 1310 581 1368 alicujus
591 1313 739 1372 necessitatis
752 1310 866 1369 speciali-

71 1390 108 1434 ter
119 1391 258 1452 exspectare
274 1390 369 1450 possit».
387 1389 430 1437 (121
447 1390 541 1436 2222212
558 1385 693 1448 repugnare
710 1402 757 1442 non
769 1389 867 1435 videtur

70 1470 246 1527 praesoriptnm
257 1469 299 1513 cit.
312 1480 363 1514 222.
378 1474 443 1514 1503.
455 1459 556 1515 Certum
568 1461 624 1514 vero
636 1458 727 1513 estnon
738 1470 866 1528 quaestua-

70 1559 94 1591 re
112 1547 153 1605 qni
171 1547 251 1593 missis
266 1546 351 1592 litteris
367 1545 460 1593 obtinet
478 1546 596 1600 subsidia,
612 1549 639 1592 ut
650 1546 779 1593 declaravit
792 1546 817 1609 S.
837 1544 864 1591 C.

71 1623 113 1683 lap.
132 1626 155 1669 et
173 1619 230 1683 Reg.
249 1630 276 1670 27
291 1621 361 1671 mart,
376 1631 479 1679 18922.
493 1632 556 1684 sap.
569 1626 649 1683 ipsum
660 1626 791 1676 auctorem,
807 1631 828 1670 1.
842 1638 863 1670 2.
915 1636 917 1640 ·

327 1827 530 1877 ,auricomis
550 1829 592 1876 lii.
611 1869 612 1872 ,

240 1980 266 2019 lie
284 1955 427 2020 llmltatloultus
444 1980 555 2027 personalis
572 1979 696 2019 lmmnnltstls

161 2140 287 2200 Exempti'o
307 2141 451 2199 regularium
473 2140 532 2186 licet
555 2140 584 2185 ab
606 2141 746 2187 auctoribus
755 2140 863 2201 perfecto

67 2232 110 2265 sen
134 2219 215 2265 totalis
236 2221 344 2273 vocetur,
357 2220 443 2270 multis
451 2222 542 2273 tamen,
551 2211 583 2265 'ut
595 2218 653 2265 alibi
663 2218 753 2265 dictum
765 2223 810 2274 est,
824 2225 865 2266 222-

31 2299 34 2303 ’
67 2295 223 2356 ereptionibus
243 2301 334 2353 coarcta
335 2298 382 2351 t‚ur
406 2295 866 2362 q11aeeiusm0diperfectionemvalde

65 2361 243 2421 oeloiioomeii
218 2375 323 2422 ficiunt.
336 2373 383 2422 on.
397 2376 501 2428 1122222,
512 2375 574 2444 Insa
587 2374 644 2421 lln
659 2374 863 2422 7221122122222-

66 2456 126 2515 nant
128 2468 158 2500 ur
170 2467 225 2500 vero
236 2453 333 2513 praefat
327 2440 416 2500 2222222
425 2454 526 2513 excepti,
539 2441 564 2499 in
577 2454 664 2528 quibus
674 2450 811 2500 subsuntet
801 2455 861 2499 tiam
879 2459 881 2461 ’

66 2531 190 2589 regulares
209 2531 387 2579 ordinariorum
410 2532 521 2578 locorum
545 2521 714 2590 jurisdictioni,
737 2535 760 2577 22
763 2532 862 2579 tendere

6 2599 7 2602 '
47 2612 159 2671 ¹oportet
181 2610 209 2656 ad
229 2599 400 2673 praescriptum
423 2623 478 2656 222.
497 2605 862 2669 622221222212222...2222222221
913 2612 915 2616 '

29 2681 33 2686 ”
66 2690 135 2743 sunt,
155 2690 314 2748 praetorquete
325 2686 350 2732 22
360 2687 451 2733 ensibus
465 2687 544 2747 ajuro
554 2687 686 2747 repressis»
709 2702 750 2735 sen
763 2684 861 2748 qnando

64 2767 138 2813 verba
149 2753 209 2826 legis
221 2757 274 2813 illos
287 2768 427 2813 nominatim
439 2767 573 2826 respiciunt
587 2780 628 2825 per
638 2768 769 2814 terminum
780 2768 858 2814 illurn:

64 2845 218 2903 «regulares»
236 2845 274 2891 vel
293 2848 435 2904 «exemptio
455 2844 613 2902 (Recolantur
635 2858 661 2891 ea
674 2859 733 2905 qnae
746 2847 860 2892 enodavi·

65 2936 120 2969 mus
132 2925 195 2970 eirea
207 2925 384 2970 revocationem
406 2923 555 2983 regularium
567 2925 770 2980 immunitatum.)
789 2925 858 2970 Tune

64 2992 129 3047 enirn
142 3002 245 3049 redeunt
258 3002 302 3048 sub
308 3004 425 3061 potestate
437 3003 549 3049 locorum
561 3001 742 3050 ordinariorum.

158 3087 178 3127 1.
212 3081 309 3130 Natura
326 3080 449 3139 potestatis
470 3077 639 3139 Episcopororo
657 3079 859 3139 2211222222.»-

64 3157 127 3205 Η222
147 3160 479 3218 222222222222222122222222
499 3156 680 3206 Ordinariornm
697 3160 722 3204 in
734 3157 859 3216 regulares

62 3240 100 3282 est
113 3239 136 3293 2)
149 3234 359 3295 joudrdirto'onolt'a
380 3239 438 3297 qnin
457 3236 536 3283 obstet
549 3237 612 3296 qnod
624 3238 724 3295 potestas
735 3235 857 3294 1222122122-
