2091 3569
290 254 325 300 DE
336 267 485 302 uxnnrrionu
497 267 657 302 REGULARIUM
833 260 874 300 127
887 303 889 307 ,

83 387 213 446 requisitae
231 388 257 433 in
277 388 381 452 praefato
397 401 456 434 can,¹
466 394 522 435 1162
535 400 587 447 par.
602 394 685 441 anon
698 400 739 447 pro
752 387 875 434 erectione

83 463 205 520 ecclesiae,
220 465 261 512 sed
273 467 353 524 potius
362 479 403 526 pro
412 465 557 513 fundatione
564 470 701 512 conventus
710 466 873 525 exigebantur.

174 534 300 602 Colligitur
310 546 389 604 itaque
402 558 468 603 possa
479 545 634 604 Episcopum,
647 549 676 590 ex
685 544 751 603 justa
762 548 785 590 et
798 544 870 590 ratio·

24 644 25 648 =
84 622 157 667 nabili
176 635 247 669 causa
266 625 336 682 atque
355 623 444 669 auditis
456 613 571 669 omnibus
590 623 706 669 interesse
719 621 872 676 habentibus

82 698 245 746 aedificationi
259 714 335 748 novae
346 701 458 749 ecclesiae
469 701 589 760 regularis
608 699 634 745 a'n
651 702 713 746 cerlo
724 713 751 745 oc
761 699 874 751 determi-

81 779 138 822 nato
149 775 196 822 loco
209 779 318 826 resistere
329 781 399 840 atque
408 788 557 826 consensum
565 779 692 837 denegare.
704 778 792 826 Contra
802 791 872 838 quarn

80 855 264 915 denegationem
282 853 403 918 regulares
421 860 513 918 pssseut
534 858 671 917 interjicere
690 856 871 926 appellationem
931 871 934 875 ⁴

82 935 107 979 in
127 934 265 983 devolutivo
287 937 316 984 ad
342 938 433 984 Sedem·
446 936 619 996 apostolicam.
642 935 734 982 Idcirco
747 956 748 962 =
762 936 872 995 quamvis

82 1011 161 1060 (lodex
187 1014 298 1061 admittat
323 1016 454 1062 doctrinam
480 1015 550 1061 olim¹
567 1014 873 1071 communiteifreeeptam

47 1099 57 1148 J
81 1104 175 1151 nempe,
190 1094 284 1141 veniam
307 1092 446 1153 aperiendae
465 1092 578 1140 ecclesiae
590 1093 641 1152 ipsa
653 1092 751 1140 licentia
762 1091 870 1149 erigendi

83 1172 260 1218 monasterium
273 1173 311 1218 cui
323 1172 413 1219 adnexa
432 1173 464 1218 sit
474 1172 602 1231 contineri,
618 1170 670 1217 vult
681 1173 763 1216 tamen
776 1173 802 1215 nt
815 1169 872 1215 seli·
929 1163 931 1168 ’

79 1250 152 1305 gatur
172 1249 241 1296 locus
263 1252 341 1310 aptae,
362 1252 402 1310 qui
427 1250 457 1297 ab
478 1249 602 1298 Ordinario
621 1249 751 1309 prudenter
778 1249 871 1308 probari

79 1328 161 1384 queat.
182 1327 248 1385 «Qua
264 1327 376 1374 licentiae
395 1330 546 1383 necessitate,
562 1329 599 1374 ait
614 1328 644 1375 cl.
661 1328 754 1382 verm„
767 1321 869 1377 stanna,

80 1417 105 1450 n.
118 1410 170 1460 463,
191 1405 297 1465 religiosi
315 1406 363 1453 iere
380 1408 511 1467 'adigantur
530 1409 558 1453 ut
568 1409 648 1465 ipsum
660 1407 834 1453 monasterium
845 1405 870 1449 in

79 1482 133 1528 loco
152 1484 195 1543 qui
214 1483 339 1531 Ordinaric
351 1486 449 1544 ‘placeat
467 1484 618 1532 aedificeris)
637 1483 714 1544 OuJ'us
736 1485 795 1530 ratio
810 1482 871 1529 forte

78 1561 118 1614 sit,
134 1561 195 1621 quod
214 1563 342 1610 nonnullae
361 1565 487 1611 anterioris
503 1565 568 1623 juris
583 1563 708 1618 cautelae,
718 1576 752 1608 ex=
764 1576 800 1621 gr.
818 1574 869 1607 ser-

80 1631 172 1687 vandae
184 1640 354 1689 determinatae
373 1643 500 1690 distantiae
520 1643 550 1687 ab
570 1642 624 1688 aliis
641 1640 870 1695 conventibusho-

74 1708 163 1764 'dierno
172 1719 227 1777 Jure
238 1722 339 1768 omissae
350 1724 415 1767 sunt.
480 1738 481 1742 ¹
790 1766 791 1770 ,

170 1803 190 1841 3.
214 1797 358 1851 Additlaud.
371 1812 423 1847 can.
436 1805 478 1845 497
490 1812 540 1858 par.
554 1805 575 1845 2:
589 1798 678 1844 «salvis
687 1798 870 1844 condicionibus

79 1876 103 1919 iu
127 1876 178 1934 ipsa
198 1878 354 1935 permissione
372 1878 509 1937 appositis»,
531 1891 560 1924 ex
572 1877 660 1937 quibus
672 1876 752 1922 verbis
766 1877 870 1923 infertur

79 1967 146 2011 posse
166 1955 311 2014 Episcopum
324 1942 439 2016 quasdam
458 1956 618 2002 condiciones
637 1957 661 2002 in
676 1954 812 2014 praebendo
824 1967 869 2000 suo

77 2044 202 2079 consensu
214 2034 339 2093 apponere.
351 2034 427 2088 Porro,
438 2035 666 2081 istae-condiciones
683 2048 725 2080 seu
745 2034 869 2080 limitatio·
919 2025 925 2027 ”

79 2122 121 2154 nes
142 2115 265 2169 nequeunt
287 2113 406 2159 adversari
422 2113 473 2171 juri
491 2113 621 2165 communi,
644 2125 720 2172 neque
732 2112 785 2158 ideo
797 2112 868 2157 detri-

78 2191 186 2253 mentum
206 2188 288 2237 aft'erre
301 2190 414 2237 ‘facultati
432 2190 592 2250 religionibus
611 2190 763 2237 clericalibus
781 2191 806 2237 in
817 2192 868 2249 ipsa

78 2266 225 2326 paragrapho
238 2281 363 2315 concessae
373 2283 456 2317 «sacra
466 2271 601 2316 ministeria
613 2256 752 2328 peragendi,
765 2270 867 2315 servatis

17 2387 20 2398 ,
76 2343 107 2389 de
117 2344 173 2402 ,iure
185 2347 331 2393 servandis».
344 2348 376 2393 At
388 2360 436 2394 non
448 2347 545 2394 videtur
556 2347 688 2406 prohiberi,
704 2349 867 2407 quominusin

76 2423 227 2481 simplicibus
238 2425 393 2481 ecclesiisvel
404 2427 515 2472 oratoriis
533 2426 638 2486 publicis
651 2426 740 2472 limites
752 2425 867 2484 quosdam

76 2502 207 2548 constituat
220 2505 245 2548 in
257 2505 331 2550 sacris
342 2503 505 2551 functionibus
517 2505 660 2563 peragendis
680 2506 713 2560 (t)
733 2500 797 2550 Istae
807 2516 867 2548 con-

75 2577 191 2633 diciones,
204 2581 313 2628 observat
324 2583 355 2628 cl·
367 2582 427 2638 Blae,
441 2584 477 2628 De
487 2584 557 2629 Pers.
571 2598 593 2642 p⁴
609 2572 666 2637 472}
675 2582 778 2629 «debent
793 2584 868 2641 Justi·

61 2671 65 2678 ’
76 2657 135 2703 tiam
146 2660 269 2707 continere
282 2674 309 2706 ex
319 2662 515 2716 circumstantiis
530 2676 574 2709 nec
592 2662 691 2709 difficile
703 2661 866 2721 reddereillo-

75 2749 128 2782 rum
141 2726 238 2795 operum
250 2741 398 2793 exercitium,
411 2737 482 2786 aliter
493 2754 596 2799 namque
607 2739 766 2787 irustraretur
779 2740 867 2785 domus

75 2827 204 2862 concessae
222 2812 302 2864 tinisa>
321 2818 396 2865 Multo
417 2821 498 2865 minus
511 2818 616 2878 proiecto
628 2818 750 2865 adversari
765 2822 868 2877 possunt

74 2896 269 2953 exemptionibus
286 2897 342 2955 iure
359 2898 397 2944 rel
416 2896 541 2956 privilegio
555 2897 667 2951 obtentis
686 2896 751 2956 quod
771 2898 790 2941 si
811 2897 866 2941 talis

73 2972 182 3020 condicio
194 2973 302 3021 facultati
314 2975 454 3022 aedificandi
473 2976 566 3034 adiecta
585 2975 667 3029 luerit,
687 2975 763 3021 veluti
777 2987 866 3033 repug-

77 3088 185 3099 -ι-ι-

123 3135 149 3179 (ll
175 3136 194 3171 Si
205 3138 224 3173 C,
237 3139 266 3178 ii„
277 3117 298 3172 ld
304 3142 342 3182 juo,
352 3125 402 3177 isra,
413 3126 574 3183 u.2001;Wernz,
585 3140 618 3175 ΙΙΙ.
629 3152 645 3174 n.
662 3139 704 3180 4303
715 3140 745 3173 cfr.
757 3141 808 3171 eiiam
823 3123 867 3182 quae

73 3195 90 3226 in
107 3193 144 3226 aliia
159 3193 200 3227 locis
215 3196 265 3239 bojas
281 3198 333 3231 thesis
350 3198 430 3231 ‹benotur
446 3201 489 3232 cirea
510 3200 634 3242 praescriptum
650 3209 674 3231 cc.
692 3195 744 3232 1171.
756 3195 791 3230 609
802 3195 866 3239 puae.

43 3245 45 3250 ’
74 3250 197 3296 canosam
