2091 3569
187 237 217 295 '30
400 247 435 293 Du
448 257 601 293 rxuurrrorur
613 245 773 294 aaounumcu

277 380 331 432 Alia
343 379 444 427 ratioob
456 393 528 440 quani
549 382 611 426 mota
630 379 676 426 init
697 377 769 425 Sedes
791 355 937 438 Apostolica
952 380 982 427 ad
1004 404 1005 407 =

188 468 355 516 concedendas
366 469 531 527 exemptiones
543 469 579 513 est
590 480 651 525 quae
664 467 833 526 ‘proponitura
846 467 874 514 cl.
893 466 983 515 Sebas-

187 538 278 604 tianelli
290 556 347 614 (Dc
358 549 481 609 Porsondr,
505 567 559 614 pag.
572 554 626 611 413)
649 557 701 614 post
724 554 811 608 Bouix,
823 555 840 601 l.
858 544 888 609 a,
913 557 982 603 nimi-

186 654 249 691 rum:
270 645 312 690 «ut
331 637 545 690 iortiori'vinculo
566 642 721 702 particulares
742 642 861 691 acclesiae
881 642 905 707 S⁴
919 643 995 701 Petri*

144 729 145 733 ’
188 716 320 801 tlathedrac
332 732 543 779 devincerentur».

144 896 145 900 ,
257 904 260 909 q
279 846 414 893 Haecratio
425 859 469 892 seu
484 846 601 892 motivum
613 847 649 890 est
663 843 736 891 ueluti
747 830 859 891 ¹naturale
881 849 980 892 consec·-

186 926 276 971 tarium
297 927 457 971 anteriorum.
483 923 544 991 Nam
563 922 648 969 Oleros
668 922 800 981 Regularis
821 922 868 969 sub
888 924 982 969 unitate

186 1004 312 1062 regiminis
326 998 459 1061 spiritualis
470 1003 620 1049 constitutus
631 1003 653 1046 et
666 1001 803 1063 immediate
822 1006 906 1048 centro
922 1003 980 1048 uni-

186 1083 252 1137 tatis,
276 1080 331 1128 Sodi
352 1081 515 1141 apostolicae,
546 1079 683 1138 subjectum
705 1081 782 1139 aptior
812 1079 921 1127 redditur
952 1079 982 1125 ad

187 1159 388 1220 propugnandam
408 1158 549 1206 catholicam
561 1158 681 1204 unitatem
700 1163 722 1203 et
744 1158 823 1212 iidem,
843 1161 981 1218 praesertim

188 1237 285 1298 quando
310 1237 470 1284 vehementes
483 1239 616 1295 insurgunt
630 1235 760 1283 haereseon
772 1235 983 1296 schismatumque

186 1319 352 1376 tempestates,
365 1330 425 1377 quae
436 1321 459 1362 et
472 1315 565 1362 clerani
577 1315 687 1362 simulac
699 1315 789 1369 liddae,
799 1306 874 1362 immo
883 1319 908 1362 et
916 1316 980 1375 ipsos

164 1405 166 1409 ’
186 1395 295 1443 Pastores
307 1396 428 1442 Dominici
439 1393 667 1458 gregisoonvellere
678 1394 800 1440 nituntur.
822 1393 910 1445 Omnes
930 1395 982 1453 qni-

186 1473 239 1521 dem
253 1475 342 1520 norunt
355 1475 497 1533 praecipuos
508 1486 536 1518 ac
550 1472 626 1519 'veluti
639 1477 717 1524 natos,
731 1478 756 1519 ut
767 1475 800 1518 ait
821 1473 902 1520 Verm.
917 1473 932 1518 l.
948 1487 994 1541 c„

186 1542 318 1598 assertores
330 1553 352 1598 et
366 1551 501 1598 defensores
514 1551 615 1598 Sanctae
627 1550 696 1597 Sedis
707 1551 781 1597 luisse
803 1552 932 1605 monachos
954 1557 981 1596 a‘c

186 1630 318 1689 regulares
331 1629 380 1677 Otr.
395 1630 505 1689 Fanfani,
521 1629 536 1675 l.
550 1643 571 1675 c.
586 1643 609 1675 n.
624 1634 675 1675 294.
689 1630 739 1676 Hoc
748 1631 823 1689 etjam
833 1642 888 1690 prae
897 1630 998 1687 ligura*

185 1711 238 1772 tum
250 1710 346 1767 apparet
359 1709 436 1755 inilia
450 1710 541 1755 visione
549 1708 690 1754 iunocentii
703 1708 778 1767 Papae
791 1709 833 1762 lii,
846 1722 893 1768 qua
905 1721 978 1754 cons-

163 1809 165 1812 *
187 1788 251 1845 pexit
264 1786 460 1833 lateranemsem
472 1786 601 1833 Basilicam
609 1787 710 1845 jamjam
722 1787 881 1833 collabentem
892 1789 915 1831 et
926 1786 983 1841 Bea-

185 1867 238 1910 tum
251 1864 411 1911 Franciscum
427 1864 535 1912 humeris
547 1865 598 1910 snis
611 1865 677 1911 iliani
689 1863 918 1927 srrstentarrterruS.
931 1865 979 1911 Bo-

188 1955 241 1988 navi
255 1942 352 2001 Lapaad.
366 1957 388 1988 c.
402 1950 424 1989 3.
438 1944 488 1990 Hoc
498 1945 578 2002 ipsum
590 1944 615 1988 in
629 1941 738 1989 Concilio
750 1942 891 1990 Tridentino
914 1939 982 1988 asse-

186 2021 253 2068 rebat
265 2020 595 2080 OardinalisLotharinginS‚
615 2023 683 2080 prout
709 2023 788 2068 narrat
810 2022 984 2078 Palavicinus„

186 2095 231 2146 ut
242 2105 278 2145 24.
291 2113 313 2146 c.
329 2106 350 2145 3.
364 2113 388 2146 n.
404 2106 466 2159 lap.
480 2099 565 2153 Boutx,
584 2099 599 2145 l.
621 2113 652 2153 ct,
673 2101 697 2146 in
718 2099 784 2145 hunc
805 2099 913 2153 modurn
934 2100 983 2153 «De

185 2178 336 2237 regularibus
347 2178 443 2224 illustre
455 2179 608 2237 praeconium
623 2176 714 2232 habuit,
728 2173 830 2224 testatus
842 2179 888 2224 tria
909 2191 981 2236 regu-

186 2257 273 2304 larium
287 2257 362 2303 millia
372 2259 398 2304 in
410 2255 487 2304 Gallia
500 2269 628 2315 paucorum
642 2256 763 2302 mensium
786 2258 866 2316 spacio
886 2257 982 2303 crudele

151 2387 153 2391 ,
186 2338 329 2397 martyrium
342 2348 425 2394 passos
436 2334 519 2388 luisse,
532 2335 595 2393 quod
608 2334 766 2381 obedientiam
780 2335 886 2382 itomano
898 2335 980 2380 Ponti·

145 2420 147 2423 ⁴
186 2414 225 2460 ilci
236 2414 342 2461 debitam
356 2413 466 2473 abiurare
479 2414 621 2460 noluissent.
637 2413 812 2473 Quapropter...
834 2413 917 2459 Patres
939 2426 980 2461 co-

92 2487 94 2489 ’
154 2535 155 2538 ,
187 2491 329 2539 hortabatur
346 2494 373 2538 ut
392 2492 540 2550 regularium
559 2484 737 2538 immunitatem
753 2492 861 2538 illaesam
874 2496 980 2551 praesta·

187 2573 265 2616 rent».
681 2577 683 2581 ’
799 2585 801 2589 ·

276 2694 367 2741 Ultimo
375 2680 432 2740 loco
445 2694 499 2741 addi
508 2695 581 2741 etiarn
592 2696 669 2754 potest
680 2708 736 2746 cunr
744 2695 836 2748 Veron,
847 2695 863 2740 l.
874 2708 906 2754 c„
917 2695 981 2754 quod

186 2795 214 2828 ex
226 2781 266 2827 illa
283 2783 439 2828 immunitate
459 2782 576 2841 quaedam
597 2784 693 2841 exurgit
711 2783 884 2830 aemulatio'et
904 2782 982 2828 fervor

185 2870 248 2916 iuter
270 2854 403 2929 utrumque
424 2869 526 2924 clerum,
548 2870 680 2930 impediens
702 2872 831 2930 quominus
843 2873 981 2934 contagium

185 2958 272 3004 erroris
283 2960 323 3003 aut
336 2947 502 3017 corruptionis
515 2960 657 3004 uniuersum
668 2958 759 3005 clerum
772 2961 796 3005 et
811 2941 916 3004 subinde
937 2972 982 3017 pc-

186 3046 270 3106 pulum
281 3044 388 3098 invadat,
401 3047 473 3104 atque
486 3045 598 3103 majorem
611 3024 707 3104 copiam¹
715 3048 884 3092 ministrorum
896 3059 983 3105 suppe-

186 3125 248 3181 ditat
259 3134 300 3193 qui
308 3135 393 3179 sancte
402 3121 509 3179 fidelium
519 3135 612 3185 animos
622 3133 740 3180 excolant.
752 3131 819 3190 Quod
828 3134 981 3193 commodum
1015 3187 1017 3189 v

186 3221 326 3280 opponitD.
342 3220 445 3267 Thomas
466 3218 586 3266 Guilelmo
606 3235 618 3266 a
639 3220 662 3268 S.
684 3224 771 3268 Amore
791 3223 816 3267 in
837 3235 919 3288 opusc.
944 3229 980 3268 in.
