2091 3569
268 281 302 326 Da
314 293 464 327 axaurmoua
476 293 634 326 enecatarum
820 284 846 346 ra

50 423 103 465 530
114 413 204 460 dotlars
215 413 286 471 juxta
302 412 424 471 Hodgkin‚
438 414 498 459 tata
519 412 755 478 dottarssecundom
777 413 846 467 alios)

49 494 179 556 quotannis
188 492 344 538 lateranensi
357 491 444 550 palatio
458 491 621 551 persolvetis».
635 491 769 538 Advertere
778 501 836 550 opor
867 521 868 525 =

50 576 84 619 tet
101 571 163 631 quod
180 583 220 629 per
241 569 378 628 huiusmodi
398 570 549 617 traditionem
571 572 709 617 monasterii
726 571 846 617 Romanae

51 651 171 699 Ecclesiae
180 649 320 703 nullatenus
331 649 412 696 inierri
425 653 500 709 potest
514 648 573 695 illud
586 650 703 708 privatam
722 649 789 696 illius
810 662 846 695 ec·

49 731 136 777 etesiae
145 731 311 788 proprietatem
323 728 434 779 evasisse.
448 728 496 775 Cir.
508 731 610 787 August.
633 729 648 774 l.
662 743 682 776 c.
696 743 719 788 p.
733 735 770 774 31.
782 729 845 774 Haec
890 757 893 764 ι

48 812 112 857 enim
124 809 220 854 traditio
234 811 326 854 tantum
339 800 479 867 importabat
494 809 668 865 protectionem
681 807 717 853 vel
727 807 839 859 tutelam,

50 895 157 948 tempore
176 885 395 934 rnedioevaliralde
406 887 535 940 efficacem,
551 885 619 941 Sedis
633 886 794 945 Apostolicae.

92 984 94 989 >
139 966 246 1022 Notanda
258 969 293 1011 est
305 969 404 1026 insuper
414 967 535 1013 distinctio
548 967 610 1011 inter
630 965 764 1024 simplicem
789 978 842 1023 pro-

50 1048 179 1093 tectionem
194 1048 216 1090 et
229 1046 354 1104 specialem
372 1045 477 1098 tutelam,
498 1057 559 1103 ntiae
579 1046 667 1102 passim
691 1045 798 1105 occurrit
818 1044 843 1088 in

50 1125 171 1183 rescriptis
182 1122 309 1182 pontificiis
323 1125 387 1171 illius
396 1124 518 1182 temporis,
533 1123 672 1181 praesertim
681 1122 779 1168 saeculo
788 1122 842 1169 Xll.

44 1204 119 1249 Hanc.
129 1205 209 1247 tamen
222 1202 402 1249 distinctionem
416 1202 478 1248 harad
489 1201 590 1247 multum
601 1201 687 1258 ‚iuvare
698 1200 729 1247 ad
739 1200 844 1260 dignos*

50 1280 150 1327 cendam
163 1280 346 1338 atuplitudinem
357 1294 526 1326 concessarum
536 1281 719 1338 exemptionum
728 1283 752 1324 et
762 1281 843 1338 potius

50 1359 223 1406 recurrendum
236 1373 288 1405 esse
299 1360 328 1406 ad
339 1347 436 1406 examen
450 1348 524 1404 totius
535 1359 685 1411 documenti,
699 1359 749 1417 ipse
759 1357 844 1404 Roma—

50 1450 134 1483 norum
149 1437 300 1490 Pontificum,
319 1424 454 1497 praesertim
476 1436 605 1483 Alexandri
626 1437 659 1483 ΙΙΙ
678 1451 706 1484 ac
724 1436 843 1484 Bonifaeii

50 1515 113 1568 Viti,
127 1515 298 1562 declarationes
309 1515 433 1571 evidenter
444 1517 581 1562 ostendunt.
596 1516 630 1571 (1)
687 1528 689 1531 ·
705 1571 708 1573 .

139 1594 173 1640 Ex
186 1593 311 1654 hucusque
322 1596 393 1642 dictis
401 1595 520 1654 judicium
529 1596 579 1653 ‚iam
592 1593 646 1640 lerri
658 1597 738 1653 potest
747 1593 776 1640 de
786 1607 843 1640 con·

50 1674 163 1719 troversia
175 1673 237 1719 inter
249 1674 359 1741 auctores
370 1675 467 1732 agitata
486 1675 550 1719 circa
567 1674 617 1731 ius,
635 1686 686 1733 -quo
705 1673 843 1720 introducta

49 1748 94 1796 iuit
107 1750 273 1809 religiosorum
286 1754 411 1811 exemptio:
424 1755 505 1803 utrum
520 1765 603 1811 nempe
612 1766 664 1798 eam
678 1752 844 1806 obtinuissent

44 1828 100 1885 jtrre
111 1827 226 1872 corarattoi
237 1829 274 1873 vel
285 1828 388 1888 speciali.
402 1828 501 1886 Quidam
515 1833 587 1880 enim.
607 1835 632 1878 ut
647 1829 769 1877 Scbmala.
780 1834 799 1878 t.
812 1831 841 1877 V.

50 1905 74 1950 P.
88 1912 109 1951 3.
123 1907 159 1951 tit.
173 1913 236 1953 33n.
250 1914 301 1960 250,
316 1912 339 1954 et
350 1908 557 1973 Salmanticenses‚
580 1912 615 1955 Dc
630 1905 691 1969 prio
706 1925 725 1957 c.
750 1914 770 1954 3.
784 1923 808 1955 n.
832 1917 840 1954 i

49 1996 85 2042 ap.
100 1984 222 2031 licentii.
239 1998 261 2030 n.
275 1992 326 2040 805,
339 1987 494 2035 admittentes
518 1988 696 2035 distinctionem
717 1988 843 2035 inductam

49 2076 62 2107 a
71 2063 247 2121 glossatoribus
260 2066 352 2112 Decreti
375 2053 488 2123 Gratiani,
510 2068 575 2119 inter
586 2067 662 2126 legem
683 2066 844 2128 dioecesanum

47 2140 300 2199 etjurisdicticaotora,
323 2148 447 2192 autumant
458 2147 603 2205 regularesa
622 2147 675 2206 tege
697 2147 841 2193 dioecesana

37 2223 170 2290 exemptos
181 2222 255 2268 fuisse
266 2238 295 2269 ex
306 2227 358 2281 iure
370 2222 501 2278 communi,
514 2225 588 2283 alege
597 2238 653 2272 vero
662 2225 843 2285 jurisdictionis

48 2301 223 2357 exemptionem
234 2304 268 2347 eis
280 2305 528 2362 competerecoepisse
536 2304 591 2362 ‚inre
603 2305 709 2364 speciali.
724 2305 757 2360 (2)

137 2379 219 2425 Altera
227 2382 318 2439 opinio,
329 2395 399 2442 quam
407 2382 559 2441 amplectitur
567 2383 595 2429 cl.
606 2382 697 2430 Moceh.
706 2383 721 2429 l.
733 2396 754 2429 c.
763 2396 788 2428 n.
799 2388 842 2427 807
909 2423 911 2431 ,

48 2457 100 2512 post
114 2455 253 2517 Radriguea‚
267 2459 361 2507 Leaena
373 2462 395 2506 et
408 2461 504 2507 Hieron.
524 2459 616 2515 Gareta,
630 2447 735 2509 affirmat
756 2473 843 2507 aiona-

95 2625 121 2668 (Ῑ)
147 2627 190 2671 Cep.
200 2628 277 2667 aride
287 2634 336 2674 priv.
349 2631 369 2674 V,
378 2630 407 2671 33;
427 2630 842 2684 iverataimnot.7Ot;Angust.1t.32-33,

95 2683 121 2724 (2i
149 2685 179 2718 Pet·
188 2686 231 2720 hanc
240 2688 372 2724 distinctionem.
383 2691 406 2722 ait
415 2688 540 2729 Sebnslianelii,
559 2690 583 2725 De
602 2689 656 2726 Pers.
675 2690 694 2723 P.
707 2689 780 2725 lle'2⁴
795 2696 844 2722 ectus

45 2736 190 2781 jurisdictionules
201 2743 287 2789 Episcopi,
297 2757 307 2778 o
316 2747 377 2790 quibus
384 2748 454 2791 exempti
469 2754 517 2780 emm
526 2746 624 2791 regulares⁸
633 2749 669 2790 (ex.
679 2744 715 2790 gn,
730 2749 795 2780 exactio
809 2749 842 2779 tri-

48 2795 132 2836 butorum,
140 2807 158 2832 ut
165 2813 202 2844 pers
209 2802 274 2836 decima
283 2803 394 2844 oblationum,
402 2806 508 2838 caritativam
517 2805 619 2845 subsidium,
629 2813 670 2840 ete..
680 2805 761 2843 (Jbolrier,
770 2816 810 2848 pap.
819 2803 842 2836 49

47 2855 80 2899 sq.)
98 2859 198 2894 dicebantur
211 2864 293 2907 pertinere
307 2865 327 2898 od
338 2865 392 2907 legem
402 2866 524 2905 dioecesanam
533 2865 558 2898 illi
570 2877 608 2898 vern
618 2873 674 2904 antris,
682 2867 712 2910 niti
725 2867 742 2898 in
754 2866 853 2908 religiosos

46 2918 95 2950 etiam
106 2921 232 2962 exercebsntnr,
244 2924 344 2958 dicebantur
354 2927 436 2969 pertinere
446 2926 466 2958 nd
477 2925 531 2966 lenem
539 2923 672 2970 jurisdictionis.
683 2926 793 2959 Benedictus
800 2925 843 2958 XIV

47 2977 63 3009 5⁰
73 2988 100 3021 ΟΡ·
112 2980 224 3026 DeSynodo
233 2983 297 3020 dioec.
307 2986 337 3020 lib.
350 2985 380 3022 [c.
391 2986 408 3020 4.
418 2998 434 3020 n.
447 2986 464 3023 3,
474 2987 494 3019 de
505 2986 535 3019 boo
545 2986 570 3019 iu
580 2987 646 3021 scribit:
662 2986 762 3026 <monadia
781 2998 843 3019 monn-

47 3036 74 3069 chi
87 3038 136 3081 plene
149 3046 199 3086 atque
208 3045 225 3077 in
235 3046 313 3080 omnibus
327 3047 398 3090 subjecti
407 3048 476 3080 fuerunt
484 3046 575 3091 Episcopis
585 3046 631 3081 nullu
640 3050 709 3081 emersit
716 3048 803 3080 distinctio
812 3047 843 3079 in-

48 3101 72 3129 ter
85 3097 139 3142 legem
153 3102 271 3139 dioecesanam
284 3112 301 3139 et
315 3106 369 3151 legem
381 3108 511 3150 jurisdictionis
525 3107 554 3140 sed
565 3113 655 3152 postquem
666 3121 675 3141 a
688 3107 733 3142 Sede
744 3107 843 3152 Apostolice

47 3166 127 3192 concessa
140 3161 173 3195 illia
186 3164 253 3199 fnentnt
266 3167 340 3201 indicato
353 3168 463 3212 exemptionis
476 3168 574 3214 privilegia.
585 3193 589 3201 .
601 3168 677 3202 ioannes
690 3168 771 3202 Semecn.
786 3167 844 3206 dictus

47 3214 186 3258 Tbeutcnicus...
197 3237 226 3258 sen
237 3229 292 3270 potius
301 3227 432 3272 Hugnecionos.
443 3241 471 3261 sen
483 3229 584 3271 Hngntio...
599 3241 635 3262 eam
649 3229 779 3262 distinctionem
790 3240 842 3262 exco-

47 3276 133 3314 tritavia...
144 3280 178 3317 cn.
190 3288 240 3319 etiam
250 3287 317 3322 Mooch.
328 3288 342 3322 Ι.
353 3300 369 3332 p.
381 3288 423 3323 432:
435 3292 480 3332 Aug.
493 3288 509 3324 l.
521 3301 535 3323 c.
548 3301 563 3333 p.
573 3288 639 3323 38-39.
