2091 3569
280 260 645 307 [issxunomonsausunnmun
822 265 862 305 161

73 395 102 442 ad
121 406 248 441 commune
267 392 388 440 Ecclesiae
407 392 497 440 bonum
516 392 710 452 promovendum
728 390 864 452 (quodlate
920 414 921 418 =

72 475 138 520 sumi
149 471 228 526 debet,
241 476 310 531 prout
323 485 376 518 mox
388 471 575 532 explanabimus)
588 470 755 518 actuabeatur
764 471 793 522 (c‘.
807 475 864 516 1356

28 540 30 544 ¹
74 563 123 610 par.
146 552 176 606 1).
197 549 263 596 idem
280 549 354 596 ierme
369 550 433 609 juris
451 554 501 596 erat
512 552 640 609 praeterita
652 549 811 609 legislatione,
827 550 862 595 uti

72 630 171 688 apparet
190 642 218 674 ex
237 628 299 675 decr.
319 627 393 683 Trici,
411 642 434 675 o.
454 635 480 675 18
492 631 551 674 sess.
564 634 594 675 23
605 628 635 674 de
648 629 702 682 rel,
715 627 864 688 quodetiam

73 708 161 753 exemit
173 706 202 753 ab
226 705 269 753 boc
290 707 379 753 tributo
392 710 469 755 omnia
480 708 628 753 monasteria
640 707 754 753 ordinum
767 706 863 753 mendi-

72 785 173 831 catium.
194 784 265 832 Nunc
284 798 346 835 vero,
360 799 389 831 er
404 785 467 833 laud.
481 798 533 832 can.
548 786 702 844 praescripto,
711 785 862 831 eximuntur:

49 908 50 912 ,
73 865 96 916 o)
108 867 244 910 conventus
255 866 378 922 incapaces
396 863 531 923 possidendi
545 869 606 910 oona
617 864 642 910 in
654 864 787 917 oonrmuni,
807 862 863 909 alii-

68 954 119 1000 ¹(pue
131 940 234 988 deiecto
249 940 322 987 nullis
333 941 447 988 reditibus
458 942 496 988 vel
509 942 704 1001 possessionibus
720 942 861 1001 gaudentes

64 1018 95 1075 l)
119 1023 273 1069 monasteria
285 1033 344 1080 quae
363 1019 458 1066 scholas
480 1026 529 1067 tani
546 1022 655 1067 internas
668 1032 738 1080 quam
750 1024 863 1066 externas

74 1095 179 1145 habeant
192 1097 303 1151 ednexas;
317 1096 341 1156 o)
352 1098 435 1145 domus
456 1098 613 1145 studentatus
628 1098 665 1144 vel
678 1098 818 1151 novitiatus;
838 1095 863 1153 d)

72 1174 158 1222 domus
170 1176 211 1222 ubi
226 1174 317 1222 habitat
330 1183 412 1223 coetus
429 1177 596 1235 religIosorom
617 1178 658 1236 qui
683 1176 862 1235 proJ'nventute

71 1253 196 1301 educanda
220 1267 315 1315 operam
336 1255 481 1314 impendunt
499 1262 565 1301 extra
589 1255 724 1323 religiosam
752 1254 860 1308 domun1;

72 1330 170 1377 tandem
182 1335 202 1390 a)
216 1333 387 1379 monasterium
406 1335 451 1388 cui,
468 1333 579 1379 deductis
589 1332 706 1383 >oneribus
718 1338 741 1378 et
752 1334 863 1392 expensis

71 1412 226 1466 necessariis,
238 1423 297 1462 vnon
317 1413 461 1471 computatis
473 1410 579 1458 fidelium
592 1410 766 1466 oblationibus,
781 1410 862 1457 nullus

71 1488 164 1535 reditus
176 1490 279 1548 supersit
292 1489 344 1544 (cir.
358 1492 397 1537 cit.
410 1504 430 1536 c,
443 1503 492 1549 par.
507 1495 554 1536 3et
565 1489 678 1544 Faciant,
695 1502 718 1535 n.
732 1493 793 1546 274).
814 1489 863 1533 Po·

71 1564 162 1611 roccioe
181 1569 205 1611 ct
226 1565 434 1627 ecarlporoerloe,
458 1553 751 1617 alternarent-licentioris
774 1568 859 1613 stricte

71 1656 144 1703 dictis
155 1658 306 1704 concreditae
318 1670 367 1704 uon
381 1660 526 1705 eximuntur.
540 1657 617 1704 lmmo
631 1657 754 1716 regulares
762 1655 866 1716 parochi

71 1735 142 1789 aliive
154 1736 311 1782 ecclesiarum
323 1739 395 1783 etiam
413 1745 575 1796 exemptarum
596 1742 701 1783 rectores
720 1736 762 1784 lde,
775 1735 863 1794 quibus
900 1794 905 1799 „

72 1815 97 1861 in
108 1827 162 1861 can.
176 1820 218 1860 479
232 1828 278 1873 sq,
291 1826 337 1860 non
349 1817 428 1861 autem
440 1814 581 1874 Superiores
593 1817 635 1874 qni
647 1815 765 1861 ecelesias
779 1814 862 1860 domui
931 1834 933 1844 ‚

73 1892 177 1951 regulari
197 1892 301 1940 adnexas
318 1897 410 1953 regunt,
434 1897 516 1953 utpote
537 1895 587 1953 qui,
608 1895 677 1953 juxta
696 1892 861 1940 definitionem

71 1973 179 2031 ejusdem
190 1984 242 2018 ean.
255 1973 330 2026 citati,
344 1973 430 2032 injure
446 1985 493 2018 non
507 1974 608 2019 veniunt
621 1972 858 2026 commercatorem)
881 1989 884 1995 ·

71 2049 168 2096 obedire
180 2048 267 2096 debent
280 2050 394 2110 Episcopo
406 2052 561 2111 praecipienti
574 2055 600 2097 ut
617 2052 686 2096 statis
705 2042 872 2109 temporibus,

71 2131 98 2175 in
109 2129 217 2185 ecclesiis
228 2141 288 2187 quas
299 2129 468 2190 administrant
481 2142 522 2188 pro
535 2128 671 2176 Seminarlo
683 2131 770 2187 stipem
779 2128 863 2186 exqui-

72 2210 125 2254 rant
139 2209 170 2263 (ο,
185 2213 242 2253 1355
255 2220 279 2252 n.
296 2210 326 2264 1).
342 2207 446 2267 Denique
459 2207 504 2255 boc
514 2207 715 2274 tributnmvdebet
727 2219 779 2252 esse
790 2218 861 2264 gene·

71 2292 119 2338 rale
131 2290 286 2351 eiusdemque
300 2294 456 2351 proportionis
468 2305 510 2351 pro
521 2291 637 2338 omnibus
649 2300 680 2348 (c.
693 2296 750 2343 1356
763 2303 813 2349 par,
827 2292 859 2345 2),

63 2372 241 2429 atque-imponi
252 2375 346 2416 tantum
357 2372 432 2429 potest
442 2369 472 2417 ab
483 2370 610 2430 Episcopo,
623 2374 646 2416 et
659 2370 755 2430 quidem
767 2371 793 2415 in
803 2380 861 2414 casu

71 2450 144 2508 troico
158 2462 204 2507 quo
217 2449 305 2508 proprii
317 2449 407 2495 reditus
419 2448 554 2496 Sentinario'
562 2434 675 2495 deficiant
688 2450 718 2502 (o.
732 2453 807 2504 1355).

162 2538 183 2598 l)
215 2539 327 2589 Facultas
339 2541 436 2599 insuper
447 2540 590 2586 conceditur
605 2540 715 2585 locorum
728 2537 861 2586 Ordinariis
888 2554 890 2560 ’

70 2617 203 2679 imponendi
214 2618 335 2672 prensiones
346 2612 459 2679 lortcfirc'lr
469 2606 651 2678 paroecialibus,
664 2618 705 2665 sed
718 2620 743 2664 in
755 2631 861 2665 commc-

70 2687 129 2743 dum
142 2696 235 2743 tantum
250 2697 345 2756 peroclri
355 2697 391 2743 rel
403 2698 484 2743 vicarii
495 2695 605 2755 ejusdem
619 2701 741 2755 paroeciae
752 2711 765 2743 a
777 2709 861 2743 niune·

70 2789 95 2822 re
112 2776 232 2832 abeuntis,
253 2778 277 2822 et
298 2776 425 2822 dnmmodo
445 2788 495 2821 non
514 2775 634 2821 excedant
655 2777 751 2822 tertiam
768 2782 859 2834 partem

70 2854 305 2913 reditusparoeoiae,
324 2854 447 2913 quibusvis
458 2853 568 2901 deductis
587 2856 700 2912 expensis
719 2858 742 2900 et
761 2856 871 2917 incertis

70 2933 188 2979 reditibus
200 2933 231 2988 (c.
247 2937 303 2979 1429
316 2946 356 2991 par
377 2936 408 2989 2).
421 2934 502 2986 Porro,
517 2931 561 2978 hoo
574 2933 784 2993 acciderepotest,
798 2932 861 2993 quod

70 3017 99 3064 ad
109 3018 229 3076 regulares
241 3021 340 3077 spectat,
353 3019 378 3062 in
392 3019 546 3065 conversione
559 3019 680 3077 paroeciae
692 3018 825 3065 saecularis
834 3019 859 3063 in
893 3055 895 3059 Α

70 3093 204 3155 regularem
215 3100 239 3143 et
250 3098 364 3143 vicissim.
385 3100 405 3154 r)
426 3097 521 3144 Praeter
540 3095 603 3142 banc
618 3098 755 3155 pensionem
768 3098 862 3144 beneii-'

70 3175 164 3229 cialem,
174 3176 216 3234 Jus
228 3177 290 3222 inest
302 3177 377 3223 eidem
389 3175 520 3228 Ordinatio,
535 3175 632 3235 speciali
644 3176 760 3223 dioecesis
779 3190 859 3223 neces·

7 3300 8 3303 ,
69 3254 296 3313 sitateimpellente.
308 3242 412 3300 omnibns
429 3252 594 3314 cereostatorum,
614 3256 685 3303 etiarn
696 3249 854 3313 regularibus,
