2091 3569
156 243 209 286 192
391 222 758 284 Daaxaueucuaauounnmuu

180 378 244 432 bona
255 378 395 425 oonrmunia'
408 392 468 438 quae
480 380 504 425 in
516 374 670 426 commodum
679 379 756 444 totius
771 379 885 426 territorii
901 380 970 426 erant

181 456 306 513 destinata,
320 458 343 503 et
354 470 394 504 aes
406 457 511 504 alienum
522 456 586 517 quod
597 470 639 517 pro
652 460 704 504 toto
719 458 839 504 territorio
855 458 968 504 contrac-

180 541 233 583 tum
244 534 330 591 iuerat,
343 535 373 582 ab
384 537 523 583 auctoritate
533 530 756 588 'ecclesiasticacni
768 535 854 582 divisio
871 548 969 595 compe-

181 616 222 668 tat,
232 607 285 661 c'um
299 613 379 660 debita
390 615 539 674 proportione
550 627 579 660 ex
590 614 654 661 bono
662 615 689 660 'et
699 621 774 673 aequo
786 613 860 661 dividi
870 613 968 668 habeut,

177 691 253 739 'salvis
271 690 364 751 piorum
375 692 527 739 laudatorum
538 686 581 739 seu
593 692 729 739 oblatorum
739 691 915 746 voluntatibus,
928 690 968 739 iu-

181 770 248 817 ribus
266 759 374 830 legitime
391 773 511 830 quaesitis,
530 784 557 818 ac
576 770 671 830 legibus
691 769 860 830 peculiaribus
881 770 969 830 quibus
1002 780 1004 784 ’

180 849 281 908 persona
293 849 389 896 moralis
401 852 519 907 regatur».
531 849 611 897 Liceat
623 850 688 895 circa
698 849 772 907 liuius
783 845 886 895 canonis
897 849 970 895 inter·

176 929 338 986 pretationem
351 926 432 992 audire
444 927 472 974 cl.
486 927 598 982 Bondini,
613 941 634 986 p.
650 933 701 974 139:
711 926 801 982 «Bona,
812 928 898 986 inquit,
909 940 969 986 quae

180 1005 208 1052 ad
222 1005 368 1064 regularium
381 1007 549 1053 monesterium
561 1008 681 1066 pertinent
696 1007 819 1066 nequeunt
833 1006 917 1052 subiici
935 1005 969 1051 di-

183 1084 430 1138 minutioniouilibet,
443 1085 497 1132 licet
510 1087 618 1144 paroecia
629 1086 700 1131 unita
716 1084 792 1139 lueritv
803 1085 853 1144 ipso
872 1096 969 1130 monas-

181 1162 391 1223 terioplequure.
406 1163 459 1209 Non
471 1164 535 1209 enim
547 1164 673 1223 pertinent
681 1163 729 1209 ulla
742 1164 831 1209 ratione
847 1162 877 1209 ad
893 1164 970 1221 ipsam

163 1273 164 1277 ,
182 1240 501 1299 paroeciam.·l¹uodationes
509 1242 596 1301 pariter
605 1253 664 1300 quae
677 1242 753 1301 ipsam
764 1230 891 1287 ecclesiam
902 1253 970 1298 regu·
1041 1294 1043 1298 ¹

180 1319 268 1365 larium
280 1320 411 1378 respiciunt
421 1319 450 1366 ad
462 1319 560 1366 eandem
574 1319 695 1365 exclusive
707 1321 837 1379 ‘pertinent
857 1318 941 1372 Debita
957 1332 970 1363 e

165 1400 265 1450 ¹contra
281 1410 341 1456 quae
349 1431 351 1435 y
359 1410 407 1444 nou
419 1397 513 1456 quidem
525 1399 548 1444 in
560 1397 663 1445 favorem
679 1398 829 1452 monasterii,
842 1397 883 1443 sed
894 1397 970 1443 totius

170 1476 303 1534 paroeciae
315 1476 546 1530 commeminerint,
559 1479 688 1522 transeunt
699 1490 740 1535 pro
752 1480 816 1535 parte
828 1489 856 1522 ex
871 1475 931 1522 borio
947 1478 969 1520 et
992 1473 994 1479 ’

181 1550 257 1613 aequo
274 1555 300 1599 in
317 1567 402 1600 novam
420 1544 557 1614 paroeciam.
575 1553 621 1601 Sed
632 1554 713 1600 debita
729 1543 853 1600 contracta
865 1567 905 1612 pro
917 1554 969 1598 ins-

181 1632 297 1679 tauranda
306 1632 408 1688 ecclesia
417 1618 545 1692 parochiali
555 1634 599 1692 ipsi
608 1633 652 1679 soli
662 1632 786 1678 exclusive
800 1631 969 1679 incumbunt».

147 1786 149 1793 χ
171 1761 197 1854 Ἃ
272 1731 300 1786 c),
318 1729 337 1777 l.
357 1731 391 1776 Du
403 1733 567 1777 auoutnme'us
579 1728 888 1776 moereamus-Breviter
900 1728 929 1774 do
940 1729 970 1794 iis

198 1822 276 1854 icemu

278 1803 565 1874 s‘siquidem'disciplina
576 1822 623 1868 qua
638 1807 709 1854 hodic
727 1809 845 1866 reguntur
861 1806 970 1865 plerum-

182 1892 226 1944 que
238 1886 320 1932 eadem
333 1889 369 1932 est
381 1899 408 1932 ac
420 1886 578 1946 illasuperius
592 1883 699 1946 exposita
717 1887 780 1933 circa
797 1883 965 1945 parochosre-

181 1965 284 2048 galeros.
297 1964 415 2024 Quoniam
427 1967 507 2011 autem
514 1965 569 2023 jure
583 1964 698 2013 hodierno
716 1966 904 2032 aequiparentur
913 1964 970 2021 jura

97 2078 106 2090 ,-
181 2047 206 2089 et
216 2043 343 2104 facultates
354 2042 444 2090 Vicarii
453 2057 480 2089 eo
491 2042 606 2090 Praeleoti
618 2043 751 2102 Apostolioi
763 2044 891 2103 inproprie
903 2043 972 2088 terri-

177 2123 244 2168 torio
265 2106 321 2184 oum
335 2122 433 2180 juribus
451 2121 561 2181 Episcopi
582 2122 744 2169 residentialis
762 2123 788 2167 in
805 2135 848 2168 sua
868 2121 971 2167 dioecesi

181 2201 213 2256 (c.
226 2205 270 2246 294
279 2184 332 2265 pau
347 2201 369 2256 i)
380 2200 470 2259 liquido
484 2202 553 2259 patet,
566 2201 743 2260 exemptionem
758 2201 903 2258 regularium
914 2213 971 2246 oum
986 2210 990 2216 ’

148 2288 149 2291 ’
181 2280 267 2326 iisdem
283 2265 558 2349 limitationibusaeque
574 2281 654 2338 vigere
668 2271 766 2324 inlotis
779 2279 922 2325 missionum
934 2281 971 2324 at-

124 2380 125 2384 *
182 2371 227 2416 que
244 2359 270 2403 in
286 2349 467 2414 territorioubi·
477 2358 525 2416 Jam
542 2360 674 2404 constituta
689 2359 725 2403 est
740 2357 904 2412 ecelesiastica
917 2356 971 2402 hie-

181 2423 282 2483 rarchia.
296 2414 512 2502 ltaqueiregulares
523 2437 677 2487 Missionarii,
692 2448 741 2481 uon
754 2448 825 2482 secus
837 2448 864 2481 ae
874 2435 971 2494 parochi

183 2515 311 2573 regulares,
328 2502 433 2567 srrbsuut
446 2514 621 2572 Jurisdietioui
641 2515 773 2561 visitationi
789 2517 812 2559 et
828 2515 972 2578 correctioni
1003 2514 1004 2517 ’

122 2593 132 2634 ss
181 2592 227 2639 loci
249 2592 370 2639 Ordinarii
392 2603 447 2664 corp
468 2582 634 2652 superioritate
656 2605 683 2638 ac
708 2593 873 2652 praecedentia
895 2579 972 2652 ipsius
1031 2636 1032 2639 ,

182 2670 288 2717 mandati
300 2684 373 2729 supra
387 2664 523 2736 plaudatum
534 2685 576 2717 seu
590 2674 744 2730 praeceptum
757 2673 893 2730 Superioris
902 2680 972 2729 regu-

167 2750 245 2804 lario,
264 2762 320 2795 casu
335 2763 382 2808 quo
395 2735 593 2813 interutrumque
607 2753 758 2812 praeceptum
772 2748 901 2797 conflictus
913 2757 971 2795 exo-

182 2829 266 2880 riatur,
286 2831 385 2887 excepta
405 2811 552 2891 tamerlsola
573 2828 674 2886 regulari
696 2828 857 2882 obseruantia,
878 2828 906 2873 de
926 2841 971 2886 qua

178 2909 260 2952 ‘totum
271 2908 312 2965 jus
324 2913 347 2952 et
360 2906 464 2953 cilicium
477 2896 587 2973 corripetit
600 2895 722 2969 Superiori
736 2908 839 2965 regulari
851 2908 971 2962 (ornarat

183 2999 232 3044 par,
252 2993 272 3039 i,
290 2988 322 3041 at
340 2985 415 3031 iidem
432 2977 575 3034 Missiouarii
592 2984 705 3032 exhibere
722 2984 810 3031 debent
825 2985 918 3032 Vicario
930 2998 972 3032 seu

145 3125 146 3128 Ἴ
183 3064 328 3111 Praefecto
365 3064 526 3123 Apostolico
550 3078 618 3110 asuas
648 3067 763 3122 patentes,
792 3063 881 3122 quibus
913 3064 972 3110 tales

171 3143 327 3190 ¹ltlissionarii
344 3144 536 3199 constituuntur,
552 3143 711 3201 exquirendas
725 3157 738 3189 a
751 3140 774 3187 S.
788 3141 814 3189 C.
829 3142 857 3188 de
870 3142 969 3201 Propag,

180 3221 245 3276 rme,
254 3271 256 3274 ,
266 3234 361 3269 necnon
378 3222 469 3268 litteras
485 3220 653 3268 obedientiales
663 3221 753 3280 proprii
768 3218 912 3280 Superioris,
925 3220 971 3267 sub
