2091 3569
168 252 197 291 82
380 244 413 290 Dr
425 236 754 290 nurnerrcue'eacunnarnn

164 380 209 425 rite
222 379 303 439 petita;
324 380 382 423 tunc
399 378 472 430 enim,
486 370 516 422 env
526 377 651 441 communi
662 375 862 433 interpretatione
874 378 959 423 aucto-

104 478 105 481 *
164 469 229 511 rum,
243 455 416 516 perillaverba
438 453 538 501 Codidis
561 455 623 515 «sub
642 454 787 513 praetento»,
812 467 873 513 quae
893 456 959 499 certe

164 547 215 582 non
229 534 359 581 includunt
371 547 467 581 causam
479 546 524 580 seu
536 533 656 579 motivum
668 531 816 586 rationabile,
838 532 959 587 roborata,

165 614 245 673 posset
265 613 391 672 religiosus
410 601 473 659 recto
491 613 587 659 tramite
600 624 696 670 pergere
708 610 736 656 ad
747 611 900 670 Superiorem
910 611 959 656 im-

166 690 307 745 mediatum
328 691 380 746 (cfr.
402 690 508 738 Verml
527 679 552 737 n.
565 695 617 743 342;
628 691 693 748 Aug.
707 689 739 736 HI
757 703 779 748 p.
793 691 848 745 339)
866 691 892 734 in
905 690 959 735 aliis

164 781 221 814 vero
234 769 329 816 casibus
340 770 488 816 enumeratis
500 769 675 827 «exemptionis
698 767 819 827 privilegio
840 780 890 814 non
901 770 960 826 gau-

164 847 246 914 dentp,
267 838 365 907 ideoque
384 847 535 894 omnimodae
553 846 719 906 jurisdictioni
731 846 835 893 locorum
852 845 958 894 Ordina-

167 927 258 972 riorum
291 926 395 973 subsunt
421 925 576 986 quoadusque
595 912 722 972 versantur
741 925 869 984 illegitime
891 927 957 971 extra

164 1004 279 1050 claustra.
293 1005 320 1051 ln
334 1018 380 1064 quo
391 1006 466 1065 igitur
477 1004 606 1064 disciplina
620 1003 733 1051 hodierna
750 1004 864 1050 dissentit
873 1004 902 1050 ab
914 1016 958 1049 an·
1002 1008 1004 1013 '

162 1083 254 1129 teriori.
278 1078 414 1130 Praeterito
425 1097 526 1143 namque
543 1083 599 1141 jirre
620 1084 741 1129 sancitum
755 1082 799 1129 fuit
815 1096 856 1141 per
874 1080 958 1128 Conci-

162 1162 225 1207 lium
250 1161 367 1216 Trident,
390 1175 409 1209 c,
433 1168 446 1207 4
467 1175 529 1208 sess.
553 1168 581 1208 25
593 1160 622 1207 de
640 1162 742 1220 iieg.,ut
756 1162 877 1219 regulares
891 1162 959 1205 entra

163 1240 320 1287 domumseu
331 1242 479 1298 conventum
490 1239 616 1303 illegitime
633 1243 819 1292 commorantes,
841 1238 872 1285 ab
890 1237 958 1283 ordi-

166 1320 243 1365 nariis
255 1318 361 1366 locorum
375 1311 648 1379 punirentur'tamquan
671 1319 708 1364 sui
729 1318 835 1367 instituti
855 1317 959 1363 deserto-

165 1414 212 1453 ree,
234 1414 280 1459 non
301 1403 381 1447 tamen
393 1385 497 1448 totaliter
505 1400 667 1459 'privabantur
678 1400 837 1458 exemptione,
852 1401 878 1444 ut
892 1402 959 1448 nunc

164 1478 262 1525 accidit.
320 1511 324 1517 „
803 1480 804 1483 ’

181 1594 184 1599 -
255 1568 345 1631 Liquet
356 1569 489 1628 praedictos
500 1570 626 1628 religiosos
637 1566 752 1627 ilegitiure
763 1568 878 1627 degentes
892 1562 959 1615 extra

164 1647 271 1694 claustra
284 1647 421 1695 nuliatenus
442 1647 556 1694 subtrahi
568 1661 582 1692 a
589 1648 759 1707 jurisdictione
770 1649 792 1692 et
804 1648 959 1693 correctione
993 1650 995 1653 '

164 1729 265 1771 suorum
279 1725 441 1773 praelatorum
453 1726 613 1786 regularium,
626 1729 667 1785 qui
679 1728 780 1784 possunt
792 1725 846 1772 illos
859 1738 958 1771 coerce-

164 1816 189 1849 re
202 1805 287 1862 poeuis
300 1817 392 1863 quoque
411 1818 437 1851 ec
450 1806 572 1859 censuris.
585 1803 634 1850 Gir.
647 1817 701 1850 can.
714 1809 764 1850 645.

113 1939 116 1944 .
205 1913 215 1924 .
256 1881 301 1927 Per
318 1881 432 1929 «domum
451 1883 612 1943 regularem»,
629 1886 695 1928 extra
707 1896 777 1942 quam
789 1883 894 1941 religiosi
908 1881 959 1928 ille·

162 1962 248 2019 gitime
260 1960 375 2019 degentes
388 1963 505 2008 amittunt
521 1962 708 2020 exemptionem,
721 1961 874 2020 intelligitur,
886 1961 958 2018 ,iuxta

163 2038 300 2085 doctrinam
311 2039 464 2102 Tridentini,
487 2049 508 2087 1.
528 2054 561 2094 c.,
573 2042 745 2086 monasterium
758 2054 799 2086 sen
808 2034 957 2093 conventus,

90 2143 91 2146 ¹
164 2123 206 2180 qui
218 2117 333 2167 censetur
344 2122 463 2168 habituale
474 2115 626 2169 domicilium
639 2122 752 2180 religiosi
764 2121 822 2168 hinc
834 2127 960 2181 nequeunt

122 2209 127 2217 ¹
162 2201 271 2259 reputari
290 2202 405 2259 tanquam
425 2201 525 2248 «domus
545 2200 685 2267 religiosae»
696 2200 747 2246 loca
756 2200 795 2246 illa
809 2203 904 2259 privata
916 2200 958 2246 ubi
987 2206 991 2211 '

86 2279 87 2283 ’
112 2317 114 2322 .
162 2277 297 2337 regulares,
309 2290 323 2323 a
334 2278 445 2325 civilibus
457 2278 589 2326 Guberniis
601 2280 674 2325 esuis
687 2280 839 2325 monasteriis
851 2278 957 2338 expulsi,

162 2356 337 2413 temporarium
358 2356 508 2404 domicilium
529 2356 629 2412 habent,
650 2360 708 2417 quin
721 2359 848 2404 convenire
860 2358 957 2415 possint

162 2425 192 2471 ad
210 2428 286 2471 vitam
306 2438 459 2472 communem
471 2426 645 2473 inducendam.
658 2426 694 2472 lta
706 2430 806 2503 August·
820 2441 841 2472 v.
852 2427 889 2473 ἸΙΙ
902 2439 964 2486 pags

164 2510 207 2549 340
226 2505 266 2550 ubi
285 2504 382 2551 adducit
404 2517 463 2564 resp.
481 2504 506 2551 S.
527 2503 555 2558 C.
577 2503 604 2551 O.
625 2506 746 2566 desept.
761 2512 825 2552 1875.
840 2508 957 2552 Attamen

121 2573 124 2576 ¹
163 2584 208 2629 hoc
220 2582 342 2641 'applicari
362 2595 409 2628 non
428 2575 672 2642 debet‘regularibus
692 2586 717 2631 in
735 2585 794 2631 locis
811 2583 958 2649 Missionum

163 2661 317 2721 degentibus,
332 2662 374 2721 qui
385 2662 439 2708 licet
452 2663 603 2709 mansionem
615 2662 704 2709 iaciant
716 2665 742 2710 in
762 2653 860 2723 privatis
881 2664 958 2709 domi-

162 2740 226 2786 ciliis
239 2743 262 2785 et
274 2753 324 2785 non
336 2742 362 2785 in
376 2741 536 2794 monasteriis,
550 2740 695 2787 recensendi
707 2755 755 2789 non
766 2747 823 2788 sunt
835 2742 864 2788 ad
876 2743 958 2787 instar

163 2818 270 2870 illorum,
292 2820 330 2877 qni
351 2823 423 2864 entra
437 2819 560 2878 proprium
581 2821 755 2866 monasterium
769 2821 842 2867 vitam
868 2821 957 2878 agunt,

163 2911 190 2945 ac
202 2900 328 2956 propterea
341 2898 443 2955 privatae
453 2897 539 2944 domus
552 2896 758 2946 Missionariornm
776 2899 856 2945 haberi
868 2897 957 2944 debent
1017 2908 1020 2914 ’

162 2981 278 3035 tanquam
293 2977 399 3034 propriae
413 2989 493 3021 eornm
505 2975 632 3034 religiosae
649 2975 743 3023 domus.
756 2977 804 3023 Hoc
812 2979 863 3037 jam
882 2989 958 3023 cons-

162 3053 413 3108 titrritBened.XlV,
437 3055 516 3100 const.
541 3044 715 3113 ‹ciposiola'curo
737 3053 958 3101 Mtoirtcrr'umosso
993 3077 996 3082 ·

164 3135 218 3180 maii
245 3138 303 3178 1753
315 3126 392 3192 quoad
409 3133 574 3189 Missionarios
591 3132 722 3190 Regulares
740 3134 764 3178 in
783 3133 868 3192 Anglia
892 3132 958 3193 quod

163 3210 318 3270 postmodum
352 3212 522 3258 confirmatum
552 3210 599 3256 furt
627 3200 641 3277 a
674 3210 753 3258 Leone
781 3212 838 3259 Xlll
867 3214 893 3258 in
915 3213 956 3258 cit.
