2091 3569
239 276 242 281 ⁴
285 269 657 337 Daunnnrrrouuuucunimuu
837 286 865 327 49

53 446 54 453 κ
71 411 201 460 dummodo
214 413 261 459 sint
274 426 343 460 verae
356 413 478 465 Moniales.
492 427 539 460 non
553 424 620 471 posse
640 415 776 460 auctoritati
787 412 878 473 Supe-¹

71 495 160 540 riorum
173 486 320 550 regularium
334 493 378 537 sui
393 489 488 539 Ordinis
499 492 645 547 subesse...;
667 494 776 551 quinimo
789 506 865 551 perse
902 522 905 528 ·

70 571 188 620 lioniales
212 573 285 631 ipsae,
317 585 377 631 quac
400 573 455 619 olim
480 570 674 628 subjiciebantur
694 571 863 630 Regularibus‚

73 652 222 697 nuncetiam
234 653 287 698 istis
307 640 421 697 deberent
442 652 541 704 subiici
560 639 668 710 quamvis
692 652 789 696 nonnisi
811 651 865 696 vota

70 728 192 787 simplicia
202 729 365 788 profiteantur;
379 731 499 790 siquidem
513 728 654 787 hujusmodi
671 728 788 775 Mouiales
809 742 860 788 per·

71 810 151 862 tinent
163 807 243 855 adhuc
256 822 300 854 suo
313 822 421 868 quaeque
435 808 565 856 Ordini...»
620 839 622 843 ,
679 825 680 828 ¹

161 886 302 934 Notandum
310 889 410 947 insuper
418 889 462 942 est,
473 887 498 931 in
506 886 628 946 Hispania
636 886 760 944 religiosas
769 879 863 937 omnes¹

69 967 141 1013 etiam
154 968 266 1013 votorum
278 966 439 1021 sollemnium,
453 967 500 1012 loci
519 964 778 1024 Ordinario-subjectas
798 978 861 1019 esse,

62 1046 137 1102 juxta
148 1046 297 1103 encyclicam
309 1044 334 1092 S.
351 1044 379 1092 O.
391 1045 436 1105 Ep.
449 1049 472 1091 et
485 1045 540 1104 Reg.
561 1042 726 1090 Peculicribna
741 1042 860 1102 inspectio,

71 1131 98 1170 10
111 1123 165 1170 Dec.
180 1124 246 1171 1858.
259 1124 323 1171 Haec
334 1127 370 1170 est
382 1125 521 1171 transitoria
532 1124 694 1183 praescriptio,
707 1124 758 1169 orta
768 1135 797 1167 en
808 1135 859 1181 spe·

68 1202 170 1249 cialibus
179 1202 310 1262 'Hispaniae
322 1203 453 1260 adjunctis,
467 1216 541 1260 eaque
555 1188 660 1269 singulis
671 1202 784 1248 trienniis
795 1205 869 1268 reno-‘-

70 1283 148 1333 vatur,
163 1280 257 1339 adjecta
279 1281 413 1327 inindulto
425 1282 540 1337 clausula:
565 1281 627 1327 «nisi
640 1278 862 1325 interimaSancta
931 1314 933 1318 ‚
999 1299 1001 1303 ¹

69 1358 129 1405 Sede
141 1359 210 1406 aliter
220 1360 396 1419 provideatur»,
408 1361 455 1408 Gir.
470 1363 498 1410 Α.
512 1364 540 1407 A:
555 1359 579 1406 S.
595 1374 617 1406 r.
631 1359 674 1412 ΙΙΙ,
686 1373 708 1417 p.
720 1365 772 1404 239.

81 1470 82 1474 ,
143 1494 144 1497 Ἴ
159 1437 240 1495 Quoad
254 1439 369 1485 moniales
381 1427 445 1492 nero,
459 1437 519 1498 quae
530 1440 587 1483 aute
600 1438 710 1485 Codicem
723 1438 862 1504 promulgass

17 1544 19 1551 ·
68 1519 121 1562 tum
133 1516 296 1564 subdebantur
305 1515 440 1568 immediate
461 1519 567 1578 Romano
586 1516 697 1564 Pontifici
710 1519 732 1562 et
754 1516 859 1575 plerum·

69 1608 115 1654 que
138 1595 167 1640 ab
189 1594 323 1654 Episcopis
346 1599 459 1656 tanquam
488 1594 556 1643 Sedis
575 1595 728 1655 Apostolicae
748 1595 861 1654 delegatis

68 1660 224 1732 regebantur,
237 1674 369 1721 dicendum
381 1674 498 1732 illasjure
509 1674 599 1720 actuali
611 1674 737 1734 episcopali
761 1669 860 1731 sirbessc

64 1752 239 1807 jurisdictioni,
251 1754 278 1799 ut
286 1753 393 1805 ridetur,
406 1751 553 1806 ordinariae
567 1752 628 1812 quod
640 1756 737 1811 apparet
760 1766 789 1797 cn
804 1766 857 1797 rer-

68 1830 105 1875 bis
116 1831 247 1890 exceptivis
259 1832 331 1887 prael.
345 1846 366 1878 c.
380 1838 432 1892 615:
446 1830 593 1890 <r...eacopiia
604 1830 636 1876 iis
648 1829 790 1875 martialibus
802 1837 862 1897 qitzar

67 1907 232 1967 Superioribus
242 1896 392 1968 capacioribus
402 1922 449 1954 con
458 1908 565 1962 subarrat,
578 1909 607 1955 ab
619 1910 741 1957 Ordinarii
754 1910 800 1955 loci
821 1912 860 1968 ju-

67 1986 205 2038 risdictione
226 1990 329 2047 exempti
348 1991 431 2043 suntm
444 1990 544 2048 ideoque
566 1991 669 2047 practice
683 1989 859 2034 nunc'evunuit

66 2068 167 2126 antiqua
179 2066 304 2113 distinctio
316 2058 381 2113 inter
393 2067 509 2114 moniales
521 2067 574 2125 illas
590 2065 723 2112 immediato
739 2068 860 2125 subjectas

68 2145 218 2207 Apostolicae
229 2143 284 2191 Sedi
296 2146 319 2190 et
333 2145 392 2192 alias
403 2144 490 2190 directe
501 2145 610 2193 subditas
627 2142 808 2192 Ordinaricrum
820 2147 859 2192 lo·
929 2150 931 2155 ⁴

67 2224 333 2281 corum'jurisdictioni
345 2226 442 2270 tantum
454 2227 580 2272 remanent
591 2224 639 2271 duo
656 2224 797 2274 monialium
816 2239 858 2289 gef

67 2313 134 2366 nera,
154 2315 236 2348 earum
260 2315 345 2361 nempe
368 2316 427 2362 quae
448 2292 461 2349 a
478 2302 593 2350 Praelatis
606 2302 757 2361 regularibus
777 2305 799 2348 et
818 2318 860 2351 ea-

54 2405 55 2408 =
67 2392 119 2425 rum
133 2394 193 2439 quae
205 2381 233 2426 ab
245 2379 378 2444 ordinariis
388 2381 497 2429 locorum
510 2380 655 2441 dependent

114 2512 115 2515 j
155 2459 223 2505 Ratio
233 2472 289 2505 vero
297 2472 341 2506 cur
352 2460 464 2506 moniales
473 2460 596 2519 subjectae
605 2474 657 2507 esse
669 2460 771 2507 dcb‘eant'
782 2461 857 2508 alicu-

65 2538 104 2594 jus
116 2538 275 2584 ecclesiastici
286 2537 386 2600 Praelati
399 2539 560 2596 jurisdictioni
576 2541 603 2586 in
613 2530 642 2585 'eo
655 2541 774 2594 consistit,
795 2540 859 2599 quod
907 2535 909 2538 ’

66 2628 149 2670 earum
168 2615 344 2675 Superiorissac
363 2619 491 2676 incapaces
510 2609 858 2677 suntexcrccndipotcstatem

62 2694 291 2755 ,jurisdictionalcm
314 2695 464 2753 aeproinde
486 2709 583 2742 necesse
604 2698 640 2742 est
656 2698 683 2741 ut
696 2695 860 2755 subjiciantur

65 2775 204 2820 arictoritati
227 2773 265 2819 vel
286 2772 389 2835 alicujus
409 2774 519 2833 specialis
538 2774 642 2833 delegati
653 2774 770 2821 Pontificli
782 2774 855 2834 (quod

65 2863 132 2898 nunc
148 2853 269 2912 rarissime
288 2851 333 2908 lit),
354 2852 391 2898 vel
411 2854 592 2900 constituantur
610 2853 656 2915 sub
668 2856 784 2912 potestate
796 2854 873 2918 alius*

64 2929 200 2977 intermedii
211 2930 312 2977 Praelati
324 2932 489 2986 ecclesiastici,
511 2934 550 2992 qui
570 2944 620 2978 non
639 2932 717 2991 potest
740 2945 792 2977 esse
812 2932 858 2978 uisi
906 2944 910 2952 ¹

64 3007 180 3065 regularis
192 3009 305 3071 Superior
317 3023 358 3068 pro
373 3009 518 3057 monialibus
529 3012 568 3057 sui
579 3009 684 3065 Ordinis,
703 3010 798 3066 velloci
810 3008 856 3056 Or-

65 3084 182 3133 dinarius.
196 3086 245 3143 Gir.
258 3088 356 3141 Marcio,
369 3088 385 3133 l.
397 3104 415 3136 c.
427 3088 512 3134 duaci.
524 3075 542 3135 1ss
552 3088 591 3136 Ad
600 3088 792 3149 dignoscendum
802 3101 857 3134 vero
872 3136 873 3139 ,

66 3176 126 3220 quae
140 3168 176 3211 sin
191 3167 307 3212 moniales
319 3165 429 3212 subditae
448 3165 619 3225 Superioribus
637 3166 788 3225 regularibus
804 3162 857 3231 irisj
909 3200 910 3203 η

65 3242 189 3299 piciendae
201 3247 258 3291 sunt
266 3244 506 3307 singillarunrearum
515 3244 714 3309 Constitutioues
725 3246 751 3290 ut
761 3246 858 3308 constat
