2091 3569
282 261 316 306 Du
327 274 481 307 uxnnirmoun
493 273 652 309 naraunnarurr
833 269 863 308 25

70 394 187 454 regularis
200 396 249 440 non
262 383 322 441 satis
333 394 482 450 servabatur,
502 397 582 441 variae
595 394 737 458 prodierunt
758 394 863 456 Pontifi-

54 476 120 538 ciae
131 474 330 529 constitutiones,
355 487 413 533 quae
427 476 570 533 potestatem
591 473 723 533 Episcopis,
746 475 862 533 tanquam

68 551 137 599 Sedis
150 551 302 618 apostolicae
314 552 438 611 delegatis
452 552 608 612 contulerunt
626 553 713 599 domus
732 552 860 612 supradic-

68 632 105 676 tas
120 629 235 675 visitandi
246 633 319 689 atque
330 631 356 699 in
364 632 535 692 ipsas‘plenam
543 632 740 689 jurisdictionem
749 645 861 678 exercen-

69 709 99 755 di.
112 707 145 764 (1)
165 708 227 755 llaec
240 707 334 756 decreta
347 711 438 770 papalia
450 713 531 769 potius
540 709 704 770 respiciebant
724 712 809 763 domus
820 723 860 757 re-

68 786 165 846 gulares
178 788 203 833 in
217 788 285 834 Italia
297 776 399 847 ejusque
410 779 498 835 insulis
509 787 677 847 adiacentibus
689 792 788 843 erectas,
801 801 861 848 quoe

69 870 95 911 ut
106 860 282 925 excerptionem
304 868 438 915 retinerent
461 881 503 913 sex
524 868 608 914 saltem
619 867 737 926 religiosis
749 869 860 913 constare

67 943 195 998 debebant,
208 945 273 1004 quod
285 944 314 991 ad
336 947 480 992 monasteria
492 948 570 993 erecta
581 949 638 991 ante
649 945 861 1011 decretumUrba-

69 1024 93 1068 ni
110 1021 165 1080 vili
178 1022 207 1069 de
220 1024 257 1070 die
278 1030 301 1068 21
326 1024 384 1071 dun.
408 1026 430 1069 et
451 1030 478 1069 22
490 1023 545 1082 Sep.
563 1031 625 1078 1625,
646 1026 669 1069 et
687 1037 738 1070 non
750 1037 861 1088 supressa

68 1098 580 1170 constitutioneRestarorondnaInnocentii
601 1103 625 1150 X
636 1102 688 1158 (cir.
710 1102 813 1162 Capella,
827 1103 862 1147 Do
897 1107 899 1110 ’

74 1176 141 1225 rosit.
155 1181 194 1234 SS.
208 1179 268 1226 Lim.
282 1183 337 1227 tom.
351 1181 373 1227 ll
385 1196 406 1241 p.
421 1184 508 1239 toa-bb
522 1188 563 1240 pro
572 1181 658 1227 ceteris
669 1182 751 1245 tamen
761 1179 855 1245 'regula-
886 1240 888 1244 .

66 1258 134 1305 ribus
148 1258 237 1318 ubique
256 1259 364 1306 locorum
384 1261 545 1306 existentibus
557 1252 725 1318 requirebatur
746 1258 786 1304 ad'
799 1271 861 1304 nova

69 1326 211 1384 monasteria
224 1339 362 1397 recipienda
375 1351 491 1385 numerus
502 1336 723 1384 duodecim'saltem
746 1337 858 1382 fratrum:

66 1416 171 1474 alioquin
184 1416 229 1463 sub
242 1418 358 1475 potestate
367 1416 541 1475 Episcoporum
552 1406 713 1463 esse'onmino
734 1416 859 1462 debebant.

66 1481 233 1550 Nihilominus
246 1508 375 1553 progressu
389 1496 502 1555 temporis
515 1494 639 1553 benignior
648 1494 776 1553 disciplina
785 1491 861 1540 intro·
896 1520 897 1526 ,

66 1572 204 1626 ductainit3
226 1581 288 1620 usus·
304 1575 369 1620 enirn
389 1574 490 1620 invaluit
513 1587 541 1619 ex
565 1575 671 1632 repetitis
693 1572 860 1619 decisionibus

67 1650 90 1697 S.
103 1650 130 1696 O.
145 1651 186 1710 Ep.
200 1655 223 1697 et
237 1646 293 1710 neg.
307 1654 333 1697 ut
345 1645 387 1711 'pro
399 1653 517 1710 exemptis
531 1650 675 1698 haberentur
685 1652 780 1698 domus
800 1665 864 1710 quae,

47 1777 48 1780 ,
66 1743 108 1775 sex
119 1730 203 1775 saltem
226 1731 349 1788 religiosos
369 1729 504 1789 capiebant,
525 1733 548 1775 et
563 1729 606 1774 boc
626 1730 724 1785 tandem
743 1733 859 1789 tanquam

63 1808 119 1866 jure
130 1812 257 1855 communi
269 1810 432 1855 constitutum
450 1808 599 1866 declaratum
611 1809 687 1855 inita
706 1807 786 1854 Leone
805 1806 861 1853 Xlll

61 1886 91 1931 in
104 1899 147 1932 sua
159 1884 231 1933 (lons.
245 1888 361 1932 Romanos
374 1885 508 1945 Pontifices,
522 1894 535 1932 8
548 1886 603 1932 Maii
618 1893 683 1940 1881,
697 1889 725 1931 A.
740 1886 763 1932 S.
776 1886 799 1932 S,
811 1886 858 1930 vol.

68 1969 205 2023 13..p.'481;
218 1965 261 2011 cir.
275 1966 344 2011 etiam
357 1965 438 2011 Verm.
453 1965 471 2011 i.
486 1977 509 2010 n.
523 1970 575 2010 465.
588 1964 702 2027 Quinimo
715 1965 777 2011 idem
801 1964 858 2009 Pon·

65 2037 291 2102 tiiexin=praelaud
305 2045 481 2089 constitutione
500 2046 622 2102 exemptos
642 2042 772 2088 declaravit
788 2056 860 2101 regn-

65 2120 128 2166 lares
139 2123 163 2168 in
176 2122 265 2180 Anglia
276 2120 400 2180 degentes,
413 2134 460 2165 noo
470 2119 573 2167 conlatis
584 2120 642 2172 iilis,
654 2120 695 2180 poi
711 2120 737 2166 in
756 2120 859 2166 residen-
872 2178 875 2182 ⁴
918 2115 920 2121 '
945 2107 946 2110 ¹

66 2199 107 2245 titt
119 2200 261 2246 Missionuro
272 2201 453 2252 commorantur,
466 2202 489 2245 et
507 2201 565 2248 baec
579 2196 708 2246 ‘coticessio
728 2200 756 2245 ad
777 2200 858 2258 plnres

64 2279 122 2324 alias
136 2279 263 2326 Missiones
276 2280 376 2324 extensa
386 2279 441 2328 init,
456 2280 489 2325 ita
501 2281 527 2324 ut
539 2280 653 2336 tanquam
666 2268 703 2324 lex
717 2278 858 2337 'cabinianis

65 2356 90 2403 in
101 2357 160 2404 locis
171 2357 316 2416 Missionum
327 2356 463 2419 haberetur.
474 2357 592 2404 lta‘llooc.
604 2356 646 2402 ΠΙ.
659 2366 682 2402 n.
694 2362 746 2409 8623
756 2342 838 2402 lierni,
850 2356 859 2402 I

67 2446 91 2479 n.
114 2441 165 2483 363.

155 2546 225 2592 Nunc
238 2548 320 2591 autern
332 2544 404 2590 finem
417 2546 562 2609 imponimus
576 2545 640 2590 brevi
652 2545 795 2603 expositioni
807 2544 857 2588 ori-

64 2626 150 2680 ginum
162 2637 189 2670 ac
203 2624 409 2678 vicissitudinum,
422 2636 482 2683 quas
494 2625 519 2668 in
536 2622 642 2668 decursu
657 2608 771 2681 temporis
783 2624 859 2668 susti—

66 2690 123 2748 nere
135 2701 218 2749 debuit
240 2701 393 2760 privilegium
417 2703 576 2761 exemptionis
597 2701 764 2768 religiosorum
785 2714 859 2760 usque

63 2779 122 2826 dum
134 2780 213 2828 Codex
226 2780 292 2827 duris
305 2780 419 2839 Canonioi
432 2794 473 2840 per
485 2781 604 2826 canonem
621 2786 663 2826 615
677 2780 738 2826 illud
758 2780 858 2826 sollem-

66 2859 129 2904 niter
140 2859 295 2905 oonfirmarct
307 2860 332 2905 in
344 2858 451 2905 favorem
462 2861 571 2929 omnium
584 2858 738 2917 regularium.
792 2879 793 2882 ¹

67 3018 173 3030 —n——u
258 3024 260 3043 ἦ

125 3080 152 3124 (lt
165 3081 226 3115 const.
237 3080 285 3117 Cum
295 3089 355 3124 saepe
364 3083 466 3127 contingat
475 3080 540 3114 Urbani
552 3080 630 3126 vilia}
642 3081 683 3115 lun.
693 3080 859 3121 itandnslaorao·

64 3137 101 3173 dae
111 3138 199 3173 lnnoeebt.
212 3139 236 3174 X'.
256 3139 278 3172 15
287 3137 326 3173 Oet.
339 3137 391 3179 16527.
403 3138 469 3185 Nuper
477 3139 500 3173 23
511 3140 552 3173 Dec.
563 3137 615 3178 litat,
627 3150 669 3183 quoe
684 3139 735 3183 tristari
746 3145 817 3181 possunt
824 3150 858 3187 ,1²⁰-

64 3205 94 3227 uas
103 3195 193 3231 Reiflenst.
202 3203 243 3230 tom.
255 3197 281 3230 ili
289 3196 318 3231 lib.
331 3195 378 3231 :ltin
390 3196 420 3234 48,
430 3197 513 3240 Ferreus.
525 3208 540 3230 u.
553 3197 703 3232 conveniamus.
714 3195 728 3228 l:
739 3195 806 3229 licant.
817 3195 825 3228 l
842 3208 858 3230 n.

64 3250 98 3284 945
108 3264 141 3296 sq.;
152 3255 182 3288 cfr.
193 3255 216 3288 Α.
227 3253 246 3288 S.
255 3254 274 3294 S,
286 3254 318 3289 vol.
331 3255 337 3286 l
347 3265 363 3297 p.
375 3252 410 3287 723
419 3258 452 3299 sq.'
799 3266 800 3269 ’
