2091 3569
112 292 115 296 .
183 256 224 297 128
392 239 427 295 ns
438 262 589 299 arcusarcus
601 258 763 298 nncunnuion
806 313 808 319 Α

182 396 243 431 nans
250 383 301 443 juri
310 383 469 443 privilegiaric
481 386 649 444 exemptorum
660 386 686 431 in
698 385 804 432 favorem
816 383 884 431 Sedis
897 385 971 442 Apos-

181 462 266 520 tolicae
278 474 400 516 concesso,
414 462 568 521 impossibilis
589 464 683 510 censeri
693 462 762 510 debet
774 464 797 510 et
812 461 893 509 haberi
904 463 971 521 quasi

181 540 288 587 facultati
299 553 348 586 non
360 540 459 608 adjecta
472 540 574 602 ideoque
587 545 741 603 posteaquam
758 541 844 589 domus
856 540 901 588 hac
910 545 971 586 con-

131 629 144 638 ”’
182 618 275 665 dicione
293 620 376 665 vitiata
395 613 472 666 erecta
484 618 570 675 luerit,v
583 623 649 666 sarta
660 622 683 666 et
697 622 760 666 tecta
774 621 867 667 mancat
879 620 970 678 oportet

182 696 350 755 religiosorum
362 699 488 757 exemptio,
501 711 567 753 nam,
580 702 609 746 ut
621 701 688 752 notat
699 698 730 745 ol.
744 697 857 753 Ohokier‚
870 700 926 744 tom
939 695 969 759 ΙΙ,

181 773 207 820 P.
220 778 242 830 2,
256 775 282 833 Q.
306 781 355 829 123,
377 776 481 823 «iactum
493 776 601 836 legitime
620 777 744 824 retraetari
763 789 811 823 non
829 775 971 836 potestlioet

183 865 253 900 casus
264 852 305 900 ille
317 851 411 901 eveniat
423 868 493 914 a-quo
504 856 612 916 incipere
624 869 674 903 non
691 858 808 915 poterat.»

270 942 294 983 4.
325 938 373 985 Pro¹
388 938 544 987 aedificandis
562 943 585 986 et
610 940 746 1000 aperiendis
757 937 850 994 sobolis,
864 934 973 997 arreptitio

145 1020 147 1025 ’
182 1013 317 1062 calciariis
326 1015 429 1063 actionis
440 1016 535 1064 oedibus
546 1020 664 1078 separatis
679 1018 759 1075 (idest,
773 1031 822 1064 non
834 1018 878 1064 sub
889 1014 972 1062 eodem

109 1152 110 1159 ἵ
170 1121 171 1124 =
182 1095 256 1149 teoto)
267 1107 280 1139 a
291 1095 360 1142 dorno
372 1096 564 1154 religiosaetiam
575 1100 694 1157 exempta,
704 1097 839 1144 necessaria
848 1098 884 1141 est
894 1094 972 1153 (prout
1002 1097 1003 1101 ’

178 1173 228 1231 jam
242 1174 402 1220 constituerat
414 1174 462 1221 Leo
475 1173 542 1230 XIIL'
553 1176 595 1222 cit,
607 1177 694 1222 'const
704 1177 767 1222 Rom.
779 1175 861 1232 Pcai.)
872 1165 894 1219 et
906 1170 973 1237 suili-

183 1244 214 1297 cit
228 1251 304 1310 (quod
327 1265 374 1298 non
394 1252 516 1299 obtinebat
529 1256 599 1314 Juxta
618 1252 793 1313 prael.'eonst.‚
806 1250 933 1312 specialem
946 1247 971 1294 S.

129 1329 131 1332 ’
183 1327 251 1375 Sedis
263 1329 385 1377 licentiam
399 1329 701 1390 requirenteml-Ordinarii
714 1331 761 1387 loci
772 1330 882 1390 spacialis
895 1328 971 1386 scrip·

182 1411 215 1455 tis
228 1412 283 1457 data
301 1412 398 1458 licentia
412 1413 473 1469 (can.
487 1419 529 1460 497
542 1426 592 1472 par.
606 1416 638 1470 3).
651 1413 756 1460 Nomine
766 1411 857 1458 acisclae
873 1409 971 1456 veniunt

124 1537 126 1539 ,
183 1489 293 1535 cuiusvis
309 1493 405 1549 generis
423 1491 519 1551 collegia
531 1493 603 1551 atque
615 1494 730 1538 instituta
741 1491 891 1537 educationis
900 1490 971 1534 etiam

125 1622 133 1629 ,Α
184 1572 226 1626 pro
246 1568 416 1616 ecclesiasticis
434 1570 545 1624 alumnis,
566 1571 634 1618 modo
653 1571 704 1617 sint
724 1570 838 1627 extranei]
851 1582 894 1617 seu
922 1577 971 1611 non

147 1680 149 1682 -
184 1648 290 1705 propriae
309 1648 432 1706 religionis
451 1648 504 1705 (cir.
524 1648 637 1704 Bondini‚
659 1663 681 1708 p.
703 1651 754 1710 48);’
769 1644 810 1707 per
829 1644 970 1692 vocabulum

185 1737 238 1770 vero
250 1723 351 1784 torpuit
363 1726 495 1785 significari
508 1731 612 1787 possunt
635 1740 683 1774 non
703 1727 782 1773 solum
803 1725 904 1784 hospitia
922 1736 973 1782 pro-

184 1803 318 1862 prie‘dicta
327 1818 387 1864 quaa
400 1806 492 1852 scilicet
504 1808 634 1864 eriguntur
646 1807 672 1851 in
682 1804 834 1852 commodum
846 1803 972 1861 religioso·
1006 1803 1008 1808 “

184 1874 247 1927 nnn
257 1880 406 1942 aliorumque
424 1885 603 1940 itinerantium,
625 1885 663 1930 vel
675 1897 759 1930 eorum
771 1882 916 1942 regularium
930 1881 972 1939 qui

183 1960 320 2019 frequentia
334 1964 481 2025 negotiorum
493 1963 544 2010 loca
554 1966 602 2010 ista
616 1976 687 2022 saepe
699 1966 777 2022 petere
789 1968 918 2020 coguntur,
926 1963 973 2004 sta-

185 2032 263 2083 biliter
274 2036 354 2093 tauron
362 2035 453 2081 ibidem
468 2048 517 2082 non
529 2039 715 2082 commorantes:
728 2048 811 2081 varum
823 2035 895 2079 etiam
907 2044 973 2079 rura-

178 2111 218 2157 les
231 2112 318 2158 doinus
331 2127 373 2160 seu
384 2111 455 2158 uillae
465 2113 495 2160 ad
506 2114 682 2173 ¹religiosorum
694 2115 821 2160 sanitatem
833 2111 871 2157 vel
884 2124 973 2157 recrea·

183 2191 274 2237 tionem
295 2192 470 2248 inservientes
481 2206 576 2240 necnon
593 2191 707 2252 precatae
726 2192 769 2238 ubi
786 2204 850 2238 unus
867 2189 902 2234 vel
914 2190 973 2235 alter
1013 2204 1017 2210 ·

185 2270 309 2327 religiosus
318 2274 482 2319 oeconomicas
494 2285 531 2318 res
543 2284 673 2331 procurare
685 2270 746 2317 solet
757 2269 809 2321 loir.
822 2269 904 2316 Verm.
916 2268 935 2314 i.
947 2280 970 2312 n.

186 2354 237 2402 101;
251 2351 314 2406 Aug.
325 2348 399 2407 iilo.
411 2351 456 2405 91).
467 2349 569 2396 Videtur
580 2352 660 2396 tamen
673 2348 737 2396 hunc
749 2361 867 2394 canonem
878 2349 972 2393 tantum

184 2425 264 2472 reierri
278 2425 307 2472 ad
329 2425 433 2486 hospitia
452 2426 585 2473 saecularia
608 2441 650 2474 seu
665 2440 727 2487 quae
738 2428 863 2485 eriguntur
874 2425 901 2471 ad
911 2426 981 2472 reci--

186 2498 285 2558 piandos
298 2499 401 2559 hospites
410 2514 437 2546 ac
449 2503 590 2560 peregrinos
601 2501 710 2560 propriae
720 2499 830 2558 religioni
840 2502 971 2550 extraneos

183 2571 246 2617 idem
269 2572 362 2618 dicatur
380 2572 409 2619 de
430 2573 482 2619 aliis
502 2574 547 2633 piis
569 2574 701 2627 institutis,
710 2573 750 2618 -uti
763 2574 819 2618 sunt
837 2570 971 2630 hospitalia,

183 2644 399 2705 orphanotrophia
413 2649 468 2698 eto,
489 2646 518 2692 ad
538 2660 607 2706 opera
625 2646 749 2711 religionis
760 2645 798 2691 vel
809 2646 913 2692 caritatis
923 2645 972 2689 sive

179 2718 314 2777 spiritualis
331 2719 381 2764 sive
392 2719 527 2781 temporalis
541 2719 670 2772 destinata,
685 2731 745 2777 quae
759 2719 784 2764 in
794 2718 881 2765 Codice
894 2717 973 2775 aequi·

184 2793 299 2850 parantur
321 2790 431 2849 hospitiis
455 2805 494 2850 per
519 2792 557 2838 illa
580 2792 660 2837 verba:
684 2790 845 2843 «vellsimilis
872 2789 972 2834 rationis

183 2868 268 2915 aedes»
287 2868 341 2921 loir.
354 2884 374 2915 c.
398 2876 452 2916 1489
466 2884 524 2929 par.;
544 2870 654 2924 llanicni,
667 2884 691 2916 n.
710 2872 753 2926 20).
772 2870 840 2915 ilatio
853 2881 902 2918 ,cur
913 2866 973 2936 hanc

183 2950 408 3015 interpretationem
429 2949 603 3008 amplectamur
622 2951 731 2995 sumitur
742 2961 770 2993 er
784 2948 861 3005 ipsius
873 2947 973 2993 canonis

183 3029 308 3074 contextui
322 3027 419 3073 Etenim
430 3040 478 3086 par.
493 3033 506 3072 3
517 3027 627 3086 ejusdem
640 3029 675 3072 sic
688 3028 767 3073 sonat:
781 3025 828 3072 «Ut
840 3024 973 3070 aedificen-

183 3102 222 3147 tur
243 3103 270 3145 et,
294 3101 433 3159 aperiantur
457 3098 543 3154 arbela,
564 3098 692 3159 hospitium
721 3101 743 3143 ci
763 3095 850 3144 similla
870 3093 973 3141 arationis

183 3170 305 3227 credes...»;
319 3171 387 3219 hisce
399 3175 478 3219 autem
491 3172 519 3218 ex
532 3172 610 3220 verbis
621 3173 681 3218 satis
693 3173 756 3219 clare
767 3172 879 3218 innuitur
892 3181 973 3214 neces-

184 3245 279 3291 sitatem
298 3245 415 3304 praelatae
434 3246 544 3297 licentiae
566 3247 679 3304 restringi
700 3245 729 3291 ad
740 3245 885 3291 erectionem
898 3242 973 3288 insti-
