2091 3569
233 224 638 302 ‘Duaxuucmouuaucunrnruu
719 223 723 235 ὅ
816 247 844 297 39

143 375 178 431 Ita
190 386 264 419 resse
276 358 381 420 babebat
393 363 511 434 usquead
521 374 738 434 promulgationem
749 359 848 420 Codicis

52 456 119 505 duris
131 453 255 507 canonici,
268 454 341 512 cujus
353 466 375 500 c.
391 460 534 505 manevam
547 455 572 498 in
589 452 633 500 hac
643 456 743 501 materia
752 453 847 500 inducit

51 533 213 593 disciplinam,
226 536 403 594 consequenter
414 535 517 593 ctjuxta
526 533 669 588 doctrinam,
680 534 806 592 quaeinc.
817 537 846 578 to

52 614 194 675 proponitur
205 613 269 658 circa
281 613 635 677 naturam‘communicationis
652 612 843 672 privilegiorum

51 693 87 741 En
100 693 181 738 textus
193 703 214 736 c.
228 690 354 749 613par·.l:
368 690 510 750 «Quaelibet
518 691 601 750 religio
614 693 644 737 iis
660 693 757 737 tantum
770 691 842 749 privi-

51 772 119 830 legiis
141 768 309 829 gaudctquae
322 769 360 816 vel
382 769 427 816 hoc
448 771 472 816 in
495 769 580 819 Codice
603 771 769 824 continentur,
783 759 845 815 vel'a

50 851 111 898 Sede
123 834 259 908 spostolus
271 849 361 896 directe
372 849 449 896 eidem
460 862 575 896 concessa
594 846 693 903 luerint,
714 848 811 896 exclusa
821 850 848 908 in

54 931 174 991 posterum
184 927 288 987 qualibet
298 928 580 980 communicationcallt
591 928 617 974 in
625 940 706 994 parag.
719 935 732 974 2
744 927 843 974 dicitur:

50 1006 201 1064 «Privilegia,
213 1005 301 1065 quibus
311 1003 476 1066 gaudetllrdc
488 997 613 1066 regularis,
627 1008 769 1066 competunt
781 1019 847 1066 quo-

50 1100 96 1147 que
110 1084 252 1132 monialibus
264 1085 375 1143 ejusdem
391 1084 495 1138 Ordinis
508 1088 629 1147 quatenns
641 1098 725 1133 corum
739 1086 789 1130 sint
801 1097 845 1131 oa-

50 1177 140 1226 paces».
154 1165 232 1210 l'enor
241 1176 297 1209 vero
310 1164 411 1210 alterius
423 1177 479 1216 can.
493 1167 570 1211 otest
581 1165 694 1225 sequens:
708 1165 769 1212 «Por
780 1152 843 1211 com·

54 1244 240 1290 mrrnicationem
254 1237 434 1301 privilegiorum
447 1244 520 1289 etiam
531 1245 556 1289 in
567 1244 644 1291 forma
653 1256 731 1306 'aeque
750 1244 844 1301 prinoi-

51 1335 105 1394 pali‚
118 1347 145 1379 ea
153 1336 250 1381 tantum
259 1334 382 1393 privilegia
391 1335 513 1394 impertita
522 1338 661 1388 censentur,
672 1348 734 1394 quae
744 1333 844 1387 directe,

50 1417 162 1472 perpetuo
175 1415 197 1458 et
210 1414 261 1459 sine
272 1414 370 1473 speciali
394 1415 486 1459 ratione
498 1413 528 1459 ad
539 1417 632 1460 certum
646 1413 726 1460 locum
736 1415 778 1459 aut
791 1426 842 1475 rem

49 1495 90 1539 arnt
102 1494 228 1551 personam
240 1500 354 1539 concessa
374 1492 471 1538 fuerant
490 1494 566 1549 primo
586 1492 747 1551 privilegiario
761 1490 843 1538 habita
863 1505 864 1508 ¹

47 1572 119 1617 ctiam
130 1572 223 1617 ratione
234 1572 372 1630 capacitatis
393 1572 504 1630 subjecti,
525 1572 564 1617 cul
576 1568 619 1617 'fit'
630 1571 842 1618 communicatio».

50 1649 112 1696 llaec
123 1651 267 1709 praescripta
279 1649 353 1708 hujus
361 1650 506 1696 ultimican.
516 1663 572 1696 cum
582 1651 708 1698 communi
717 1650 844 1697 doctorum

49 1717 531 1775 sententiaac'deotarationibusiulu11
553 1730 617 1775 circa
633 1727 843 1775 *modumintelli-
871 1762 873 1764 >

48 1806 120 1864 geudi
136 1809 164 1852 et
186 1806 362 1866 interpretandi
384 1806 567 1866 privilegiorum
593 1808 843 1853 communicationem

48 1886 136 1947 optime
148 1888 290 1939 consonant,
303 1886 323 1930 si
336 1886 471 1944 excipiatur
482 1883 523 1931 illa'*
541 1885 657 1932 condicio
668 1899 682 1931 a
694 1884 782 1932 codice
801 1899 840 1932 re-

48 1965 136 2021 quisita
155 1965 184 2011 de
202 1962 291 2009 directo
312 1964 474 2010 concessione
489 1965 565 2022 primo
586 1964 746 2023 privilegiario
766 1962 840 2017 factm

49 2054 108 2100 quae
118 2042 237 2097 condicio,
249 2041 597 2101 excludensparticipationem
609 2044 635 2088 in
648 2043 780 2102 privilegiis
788 2043 840 2102 Jam

48 2133 88 2177 per
98 2121 342 2167 communicationem
359 2121 455 2175 habitis,
468 2119 654 2168 fundamentum
670 2122 766 2180 praebet
788 2133 843 2166 res·¹
919 2143 921 2148 ·

48 2200 152 2245 trictioni
164 2199 264 2246 alterius
275 2213 329 2245 can.
349 2205 401 2253 613,
415 2199 478 2259 qnod
490 2199 574 2258 religio
587 2199 677 2247 scilicet
694 2200 725 2246 iis
744 2200 840 2245 tautum

48 2274 143 2324 fruatur
162 2279 301 2337 privilegiis,
315 2291 377 2337 quae
397 2278 474 2338 eidem
495 2278 586 2325 directe
605 2291 722 2324 concessa
741 2278 839 2330 fuerint,

47 2357 70 2398 et
93 2355 141 2402 illa·
156 2359 259 2403 tantum*
273 2360 296 2401 et
318 2358 439 2403 exclusive
454 2356 597 2403 monialibus
614 2357 723 2415 ejusdem
743 2355 841 2402 Ordinis

51 2437 269 2481 communicentur.

136 2532 205 2578 Nunc
219 2545 274 2579 vero
288 2535 395 2591 exsurgit
408 2535 516 2591 quaestio
539 2533 603 2578 circa
623 2545 723 2578 sensum
739 2531 841 2595 illorum

47 2610 173 2656 verborum
184 2624 205 2655 c.
219 2606 270 2657 613':
285 2624 392 2670 «...qnae
404 2609 493 2679 directe
505 2610 707 2658 eidemconcessa
723 2609 839 2664 inierint»,

47 2688 129 2733 utrum
139 2702 222 2749 nempe
231 2674 367 2735 referantur
375 2688 405 2735 ad
415 2690 538 2755 priuilegia
548 2691 603 2736 ante
612 2689 726 2754 [lodicem
736 2689 841 2749 promul·

21 2779 23 2793 ²
46 2769 126 2821 gaium
139 2769 253 2828 acquisita
265 2770 287 2812 et
302 2754 477 2833 consequenter
489 2771 581 2814 censeri
602 2767 705 2814 debeant
725 2769 839 2827 abrogata

46 2847 126 2892 omnia
137 2846 267 2905 privilegia.
275 2846 369 2906 'quibus
378 2843 488 2912 'diversae
505 2831 636 2905 religiones
646 2861 675 2893 ex
686 2849 795 2909 antiqua
804 2847 841 2892 le-

45 2923 127 2990 gitima
140 2924 357 2972 communicatione
370 2924 700 2985 usque,adhuciruebantum
711 2926 749 2971 vel
759 2926 839 2985 potius

45 2998 84 3046 illa
95 3004 165 3049 verba
180 3003 208 3049 de
221 3002 351 3062 privilegiis
363 3004 387 3049 in
401 3006 524 3062 posterum
536 3004 690 3063 acquirendis
701 3003 837 3063 intelligere

45 3076 181 3148 debeamus,
194 3084 227 3129 ita
242 3084 266 3128 ut
279 3094 367 3128 sensus
378 3083 480 3128 canonis
492 3083 587 3129 sit'iste:
602 3081 741 3139 «Quaelibet
754 3082 839 3141 religio

44 3156 110 3216 (ergo
123 3161 194 3206 etiam
207 3158 268 3207 Ordo
281 3152 417 3220 exemptus)
427 3162 458 3208 iis
474 3163 570 3208 tantum
590 3162 722 3219 privilegiis
741 3160 838 3219 gaudet,
902 3205 904 3217 ,

45 3246 104 3291 quac
115 3239 151 3284 vel
166 3239 210 3285 hoc
222 3229 246 3285 in
259 3238 345 3286 Oodlce
357 3240 516 3286 continentur
527 3241 649 3300 (expressa
660 3241 802 3286 nominatim
817 3244 839 3285 et
