2091 3569
313 166 317 195 l

293 250 326 296 Da
339 261 490 296 excusamur
500 262 663 297 ,assuererunt
840 255 881 297 129

88 383 197 428 tutorum
210 381 250 428 ubi
261 381 367 441 religiosi
380 380 457 429 oiiioia
468 382 578 429 caritatis
589 381 640 427 sive
660 380 881 441 spiritualistedu-

88 460 152 506 catio
172 460 197 505 in
209 457 313 521 scholis)
323 460 373 506 sive
390 460 518 519 corporalis
537 459 700 520 (hospitalitas
710 473 766 520 erga
777 459 882 520 peregri-

89 551 142 592 nos,
157 551 214 585 cura
230 539 398 595 intirmorum),
414 540 485 599 juxta
496 538 557 586 iincs
568 551 626 585 suae
638 538 800 585 institutionis
811 550 880 585 exer·
934 551 935 554 ¹

88 620 154 670 cent,
180 629 222 663 nec
243 617 413 677 comprehendi
435 616 521 668 debere
551 616 598 664 alia
620 617 723 676 hospitia
745 615 880 676 domusque

89 694 181 741 rurales
195 708 236 754 pro
248 695 306 743 solis
318 695 435 755 religiosis
450 697 620 751 inservientes,
634 709 692 756 quae
705 697 786 755 potius
796 696 880 759 consi,-

86 772 203 820 derantur
225 773 299 822 veluti
320 768 515 835 prolonga'tiones
537 775 647 834 ipsorum
668 775 832 820 conventuum
856 765 878 818 et

89 850 223 898 nullimode
234 853 397 900 recensendae
409 856 466 900 sunt
477 852 607 913 praedictis
619 854 728 899 caritatis
739 853 878 899 institutio,-

90 930 174 978 nibus„
182 930 297 979 Probatur
305 932 406 991 insuper.
414 947 444 978 ex*
454 933 601 991 argumento
612 931 722 991 paritatis
741 944 797 989 oum
810 944 879 976 erec-

87 1008 153 1056 tione
165 1009 299 1056 scholarum
312 1000 352 1069 pro
364 1009 470 1056 alumnis
479 1012 575 1057 tant-um
583 1008 891 1069 regularibusinservien-=
917 1036 918 1039 =

86 1088 157 1140 tium,
167 1099 208 1146 pro
219 1101 265 1148 qua
277 1088 401 1149 erectione,
415 1090 460 1135 etsi
470 1087 511 1135 fiat
524 1090 652 1148 separatim
660 1086 753 1134 adomo
766 1087 877 1145 regulari,

80 1165 153 1211 ,nulla
175 1167 286 1226 specialis
303 1168 400 1214 licentia
423 1168 571 1228 requiritur,
590 1166 639 1213 Gir.
659 1168 701 1212 cit.
721 1168 798 1212 const.
812 1167 877 1212 Bora.

87 1241 180 1303 Pontis.
200 1246 223 1290 et
242 1245 354 1313 Bondini,
373 1259 395 1305 p.
416 1253 453 1293 48.
475 1246 566 1293 Domus
585 1250 665 1293 autem
688 1246 879 1305 quaevocantur

86 1320 236 1378 residentiae,
256 1325 307 1371 sive
325 1325 761 1385 sintindependentesamonastcrio
772 1336 814 1370 seu
826 1310 878 1369 col-

86 1398 147 1458 legio
169 1402 302 1462 principali,
322 1405 357 1450 uti
369 1403 456 1450 accidit
467 1404 493 1449 in
513 1402 540 1449 ΟΛ
554 1404 579 1460 F.
593 1402 624 1450 M}
645 1402 701 1459 (OG.
714 1402 763 1451 GG.
777 1416 800 1449 n.
814 1404 876 1457 313),

85 1479 137 1523 sive
148 1480 264 1539 tanquam
276 1480 362 1528 domus
375 1482 509 1532 subsicivae
521 1481 600 1542 aliquo
613 1495 676 1528 nexu
688 1481 717 1528 ab
728 1481 769 1528 illo
788 1481 876 1540 depen-

85 1554 166 1611 deant,
189 1559 215 1603 in
237 1560 299 1606 veris
321 1559 480 1607 conveutibus
492 1559 634 1607 referendae
643 1562 701 1607 suut
711 1560 802 1618 (Verm.
816 1559 833 1605 Ι,
843 1571 874 1603 n.

89 1638 147 1697 101).
160 1636 259 1697 ideoque
277 1627 317 1697 pro
330 1638 422 1686 illarum
435 1638 557 1694 erectione
571 1638 667 1700 eaedem
677 1637 835 1685 iornralitates
847 1649 874 1682 ao

87 1725 127 1769 pro
139 1714 192 1759 aliis
204 1717 362 1769 conventibus
373 1716 529 1771 aedificandis
541 1718 632 1764 servari
645 1716 740 1763 dehent.

176 1815 197 1854 5.
231 1793 344 1869 Denique,
357 1812 377 1856 si
389 1812 524 1867 constituta
536 1811 624 1857 domus
645 1809 671 1855 a'a
682 1808 743 1855 cilios
753 1816 810 1855 atsur
821 1822 876 1853 cora-

85 1888 193 1953 cartana
205 1889 319 1947 oporteat,
332 1889 427 1936 eaedem
444 1888 620 1936 sollemnitates
628 1893 692 1948 'quae
705 1887 876 1949 procreetion'e

87 1967 242 2025 requiruntur·
253 1967 382 2026 servandae
394 1970 459 2024 sunt,
473 1969 520 2015 nisi
539 1972 625 2027 agatur
636 1968 665 2014 de
676 1968 834 2013 conversione
847 1966 876 2012 ad

84 2045 160 2091 solum
173 2047 275 2103 regimen
287 2049 309 2092 et
322 2046 477 2107 disciplinam
485 2050 606 2103 internam
619 2049 776 2105 spectantem,
787 2058 823 2091 ex.
837 2057 874 2103 gr.

83 2126 104 2169 si
117 2123 141 2169 in
154 2124 223 2169 domo
239 2124 289 2182 Jam
301 2129 378 2171 erecta
392 2127 514 2194 aperiatur
534 2124 669 2179 Novitiatus
682 2124 729 2170 vel
740 2122 874 2182 Collegium
927 2180 928 2184 Ἰ
972 2140 974 2146 ’

83 2201 218 2265 studiorum
238 2216 277 2262 pro
296 2204 352 2250 solis
370 2204 477 2256 alumnis
499 2199 663 2269 religionislo.
678 2208 720 2249 497
735 2215 784 2262 par.
800 2209 821 2255 1,
834 2202 875 2247 cui

83 2281 197 2339 congruit
207 2283 335 2328 citsconst.
347 2281 437 2329 Leonis
447 2281 525 2333 Xlll).
539 2281 670 2328 Advertere
681 2281 789 2341 expediet
802 2279 874 2326 Codi-

76 2372 135 2409 ,cem
150 2357 192 2404 has
208 2358 361 2407 lormafitatcs
373 2362 466 2420 erigere
478 2373 520 2420 pro
531 2361 689 2407 conversione
708 2358 832 2413 dumtaxat
844 2358 874 2403 ii·

85 2439 122 2502 nis
143 2438 178 2483 vel
197 2452 256 2484 usus
273 2439 397 2486 institutae
408 2439 504 2493 domuc,
519 2451 568 2486 nou
580 2452 635 2486 voro
648 2438 805 2503 proejusdem
818 2451 873 2483 rea-

82 2515 232 2562 edificatione
244 2516 281 2562 vel
292 2516 474 2576 amplificatione
488 2517 614 2575 materiali.
629 2530 673 2579 nec
687 2529 729 2576 pro
738 2505 882 2562 mutatione

82 2596 145 2659 situs
164 2596 189 2639 in
208 2595 291 2641 eadem
311 2597 408 2643 civitate
427 2597 465 2651 vel
487 2596 585 2656 oppido;
606 2608 693 2655 neque,
713 2583 839 2648 aiortiori,
853 2597 874 2640 si

59 2666 62 2707 F
79 2675 160 2719 'sertim
179 2667 209 2720 sit
224 2674 252 2720 de
272 2674 435 2734 recuperanda
455 2675 527 2722 domo
540 2689 568 2722 ex
588 2688 635 2734 qua
648 2674 770 2733 regulares
782 2674 874 2732 injuste

52 2752 53 2755 ’
81 2753 175 2811 expulsi
193 2752 296 2801 fuerant:
317 2755 341 2800 in
362 2755 391 2812 iis
410 2755 476 2800 enim
494 2753 661 2808 casibus,<‹nil
675 2755 770 2799 omnino
784 2764 873 2797 novum

82 2832 219 2890 requiritur,
232 2845 287 2878 cum
299 2832 361 2878 nihil
372 2833 510 2887 innovetur,
525 2833 572 2877 nisi
584 2831 647 2891 quod
657 2826 706 2891 jain
716 2832 768 2890 jure
781 2830 874 2876 subsis-

23 2934 25 2937 ·
82 2907 331 2970 tit.›>Ita·Bondlni,p
352 2917 390 2957 51,
421 2960 422 2964 ,
845 2901 846 2904 ¹

172 3008 201 3054 ΙΙ.
218 3008 251 3054 nr
262 3021 305 3056 rus
316 3021 444 3056 msrrrurrs
460 3008 764 3056 succurrerem-*Nomine
778 3007 871 3065 piorum

80 3088 248 3133 institutorum
266 3087 305 3133 hic
323 3089 424 3134 veniunt
439 3082 575 3147 hospitalia,
590 3084 795 3146 orphanotrophia
810 3084 870 3131 alia-

80 3160 232 3223 que-similia,
245 3166 273 3212 dc
287 3168 372 3225 quibus
384 3168 434 3212 inc
458 3171 524 3219 1489,
538 3179 598 3226 quae
611 3168 712 3225 possunt
727 3164 876 3210 auctoritate.

1 3286 3 3293 .
59 3241 309 3312 'Pontificisssssummi
328 3232 385 3290 'sive
407 3245 521 3305 Episcopi
543 3246 570 3290 in
592 3257 718 3304 personam
733 3241 871 3305 ¹juridicam
900 3289 902 3291 .
