2091 3569
276 254 476 302 7766766777666
487 266 646 302 uncertainn
815 260 861 319 4776

30 397 47 410 “
68 395 142 444 22766,
150 397 210 449 quae
226 380 371 448 congruunt¹
381 387 478 435 decret.¹
488 388 577 435 7711676.
586 387 683 443 Mater»,
696 401 715 434 6.
727 393 756 434 24
767 385 861 433 716666-

68 466 144 519 766776
160 479 245 512 erroro.
263 468 289 513 in
307 473 320 513 6
344 468 377 524 (1)
401 467 428 514 Ι6
444 466 519 514 617676
536 479 596 514 6666
604 466 734 526 66666667
743 465 861 513 interdic·

69 548 121 592 tum
138 545 280 605 particulare
296 545 326 591 ab
343 546 457 605 Episcopo
474 547 548 592 latum
562 546 588 591 in
602 545 706 604 aliquem
726 544 803 591 locum
824 544 861 589 vel

68 624 196 670 ecclesiam
209 638 257 671 666
268 613 410 683 regularem
423 626 468 684 ipsi
480 627 543 670 stare
555 623 642 683 debent
651 624 805 682 praescriptis
816 636 859 681 ge·

65 701 192 761 ’7767617766
209 715 263 749 can.
283 709 390 749 227673.
409 702 512 750 Notetur
530 704 602 749 etiam
616 704 792 768 praescriptum
805 714 859 768 666.

69 786 137 835 2277,
147 782 217 840 juxta
228 781 299 841 qnod,
313 783 410 829 necesse
421 794 470 829 non
482 784 517 827 est
527 780 645 840 expellere
656 780 686 827 ab
697 780 860 838 ecelesiaper-

67 872 153 913 sonam
162 848 319 907 interdictam
331 860 360 907 ab
373 861 485 919 ingressu
496 858 613 920 ejusdem,
627 873 671 907 uec
683 862 776 918 oportet
787 860 822 912 ut,
839 858 860 903 si

4 933 5 937 ’
69 939 119 996 ipsa
132 937 224 985 ibidem
231 938 270 985 761
286 941 312 985 in
324 938 370 984 alio
383 951 449 985 sacro
463 938 514 985 loco
525 938 662 998 6666176767,
675 936 783 998 ejusdem
794 937 861 985 cada-

69 1029 111 1061 767
122 1018 271 1064 amoveatur.

160 1107 288 1155 Praeterito
302 1109 359 1167 jure
375 1108 426 1173 Jam
448 1105 560 1155 Clemens
581 1105 741 1163 77016776]
758 1105 785 1151 776
800 1106 859 1152 seat.

66 1185 283 1242 6666677716777676
301 1187 450 1245 praeceperat
468 1184 603 1245 «quatenus
620 1185 725 1245 religiosi
745 1174 859 1246 quicum-
926 1216 927 1220 ,

9 1261 20 1325 J
40 1300 42 1303 .
67 1276 114 1322 que
126 1267 176 1310 tam
190 1261 377 1324 exemptionem
391 1277 438 1311 uon
449 1266 561 1324 exempti,
575 1263 858 1324 cuiuscumque‘ordinis
875 1311 878 1320 s
919 1256 920 1261 ’

67 1343 92 1386 67
109 1340 262 1388 condicionis
279 1342 392 1396 existant,
407 1356 463 1389 cum
483 1342 652 1390 Gathedralem'
668 1343 704 1389 vel
724 1343 857 1396 Matricem,

67 1433 111 1466 seu
128 1419 288 1467 Paroeolalem
307 1419 352 1466 loci
373 1420 506 1467 Ecclesiam
524 1421 565 1467 illa
581 1422 730 1478 [interdicta]
745 1421 856 1474 viderint,

67 1501 108 1543 aut
121 1498 236 1544 sciverint
248 1499 374 1545 observare
386 1500 442 1554 (uon
456 1499 605 1547 obstantibus
617 1489 809 1559 quibuscumque
820 1511 859 1557 ap·

69 1572 290 1635 pellationibusss...)
307 1577 396 1636 absque
412 1578 466 1625 dolo
482 1583 506 1624 67
521 1578 614 1632 fraude,
627 1591 684 1625 cum
698 1577 859 1624 moderatione

24 1652 26 1654 ’
68 1658 148 1701 lernen
159 1654 285 1701 decretalis
297 1656 374 1711 Alma,
390 1655 561 1703 inuiolabiliter
573 1660 724 1703 conservent.
741 1647 859 1714 'Alioquin
894 1671 895 1674 ¹

69 1739 118 1772 non
137 1726 270 1783 servantes,
293 1729 552 1776 excommunicationis·
567 1730 710 1784 6667667766,
732 1728 775 1774 lieo
794 1728 874 1787 76666

68 1805 182 1868 volumus
194 1806 339 1866 subjacere».
350 1807 399 1853 Hac
411 1809 659 1855 excommunicatione
672 1806 741 1853 hodie
753 1800 859 1866 plectun-

67 1885 110 1929 tur
128 1883 163 1930 illi
180 1884 273 1931 tantum
290 1887 331 1944 qui
346 1886 399 1931 ausi
415 1884 506 1932 fuerint
523 1885 636 1932 mandare
649 1898 692 1931 seu
704 1897 787 1943 cogere
798 1883 859 1930 tradi

67 1961 244 2029 ecclesiasticae
261 1963 398 2029 6666176766
415 1963 555 2023 interdictos
566 1976 607 2022 per
623 1957 767 2010 sententiam
778 1962 859 2009 decla-

68 2042 180 2086 ratioram
198 2040 235 2087 vel
251 2041 470 2089 condemnatoriam
487 2043 538 2098 (aut
554 2041 624 2088 etiarn
636 2042 858 2088 excommunicatos

67 2120 121 2178 post
133 2121 278 2166 sententiam
290 2119 469 2167 declaratorlam
480 2120 518 2167 761
529 2119 760 2174 condemnatoriam,
775 2119 859 2166 inlide-

68 2198 111 2252 les,
124 2200 243 2257 apostatas
254 2213 267 2246 6
279 2198 333 2254 lide,
353 2198 484 2246 haereticos
497 2199 534 2245 vel
550 2196 737 2255 schismaticos).
750 2197 777 2244 O.
789 2203 857 2244 2339.
903 2245 904 2248 ,

46 2340 48 2342 ¹
67 2274 113 2332 Qui
124 2289 180 2323 7676
194 2279 277 2337 666676
288 2279 437 2337 sepulturam
448 2276 538 2324 eisdem
550 2277 648 2331 donant,
661 2276 817 2328 interdictum
828 2275 858 2321 ab

67 2357 181 2414 ingressu
189 2356 304 2403 ecclesiae
314 2356 437 2403 Ordinario
445 2356 558 2420 (proprio)
567 2358 715 2402 reservatum
727 2357 856 2402 incurrunt

67 2433 131 2489 (id).
146 2434 254 2494 Denique
265 2434 300 2481 illi
314 2437 355 2494 qui
366 2420 469 2482 66766767
480 2433 613 2481 admittunt
623 2434 653 2480 ad
666 2433 856 2493 celebrandaoi-

67 2510 121 2556 licia
140 2512 223 2558 divina
241 2526 283 2572 per
302 2526 428 2560 censuram
443 2515 516 2560 767776
532 2512 629 2560 61677666
645 2513 789 2560 interdictos
807 2513 856 2568 (aut

66 2588 289 2637 excommunicatos
299 2591 335 2637 761
346 2585 487 2651 666666666)
499 2593 551 2651 6667
564 2593 709 2637 seutentiam
730 2591 858 2638 declarato-

68 2669 128 2714 riam
145 2669 183 2715 vel
199 2670 429 2724 condemnatoriam,
442 2669 599 2717 interdictum
615 2669 645 2715 ab
656 2671 768 2729 ingressu
780 2669 857 2716 ecole-

67 2747 116 2792 siae
133 2748 183 2805 7666
196 2747 252 2805 jure
269 2748 424 2803 contrahunt,
443 2748 528 2802 donec,
542 2747 640 2795 arbitrio
655 2751 706 2795 eins
718 2750 787 2794 cuius
799 2761 857 2794 666-

66 2827 385 2885 tentiamcontempserunt,
403 2828 566 2886 congruenter
582 2826 741 2873 satisfecerint
756 2827 784 2878 (c.
799 2833 856 2873 2338

68 2917 116 2963 par.
130 2906 161 2960 a).
181 2902 265 2963 igitur,
283 2907 303 2951 si
316 2906 435 2964 regulares
444 2890 477 2953 ad
490 2905 570 2952 divina
582 2904 658 2953 officia
672 2906 745 2952 vetita
758 2905 869 2953 61677666

115 3077 142 3121 ll)
157 3060 203 3114 'Cfra
224 3078 268 3117 Pici,
288 3085 321 3112 torn
340 3079 364 3119 11,
375 3091 391 3124 p.
402 3077 443 3113 967.
455 3078 523 3111 Fratres
532 3077 607 3112 Minores
617 3090 646 3124 per
655 3079 763 3123 privilegium
773 3080 806 3112 illis
815 3053 871 3111 con-¹

2 3177 4 3183 ,
66 3148 133 3170 cessum
142 3139 163 3170 ab
174 3133 250 3172 Honorio
260 3138 293 3177 ΙΙΙ,
302 3138 326 3172 29
335 3146 387 3173 mart.
398 3138 451 3178 2521,
462 3137 512 3175 31711.
524 3138 621 3177 77871761.
633 3151 649 3184 p,
660 3139 678 3177 9,
686 3142 720 3182 jum
732 3145 857 3184 poteranttem·

67 3209 107 3242 pore
117 3198 201 3231 interdicti
215 3199 274 3233 (livino
282 3200 342 3233 'officia
353 3200 463 3234 celebrarem
474 3199 748 3244 66766661776776(76166676676676Ι
759 3212 857 3234 676676766-
870 3241 872 3247 y
920 3206 922 3210 '

67 3260 128 3293 nicotis
137 3267 153 3292 er
162 3257 255 3294 interdictis
264 3260 338 3294 exclusis
347 3272 366 3294 ac
375 3260 461 3298 submissa
470 3270 528 3294 7666».
