2091 3569
192 244 211 299 '8
403 238 774 298 Daturunrrrournaomrmnu

193 385 306 443 insigniti
317 384 346 430 ad
358 385 434 431 instar
446 383 648 444 parochornmet
663 383 825 430 Praelatorum
844 381 986 429 interiorum

179 450 181 452 ¹
194 476 223 508 er
236 464 287 522 ipsa
296 465 449 510 concessione
457 463 629 522 Episcoporum
638 464 663 509 in
674 475 730 508 snos
741 461 869 508 monachos
879 461 985 507 stabilem

194 541 666 588 etimmediatamobtiuerentcuram».-
732 567 733 570 =
793 560 794 563 ¹

284 619 497 679 Exstantinsuper
509 622 538 666 in.
546 620 647 667 ecclesia
659 619 765 667 africana
777 619 824 667 duo
843 619 992 666 documenta

194 698 328 746 concilium*
340 698 573 758 Carthaginensium
587 700 635 760 (an.
650 705 692 745 525
704 702 728 745 et
739 702 801 753 535),
822 710 922 758 quorum
941 711 987 744 au:-

193 775 313 824 thentiam
325 777 382 823 Van
391 768 579 838 Espenpropter
590 777 727 838 inefficaces
739 778 843 824 rationes
851 775 986 822 indubium
1039 777 1040 780 ’

193 857 262 902 vocat
275 855 411 912 (Wernafl.
424 871 444 903 c.
462 859 591 912 nota-709)
613 859 636 903 et
655 869 714 916 qtuae
735 856 782 915 legi
802 857 903 915 possunt
924 854 987 913 apud

179 933 279 987 =Mansi‚
293 937 350 981 tom.
363 942 377 980 8
389 934 433 981 coi.
447 940 499 988 649:
513 935 544 981 id.
557 935 613 994 Peg.
629 941 681 988 84³1,
702 938 726 980 et
745 934 829 987 Bouix,
851 933 865 979 i.
881 947 901 979 c.
916 947 937 992 p.
958 939 984 978 91

193 1011 277 1071 suida
290 1012 336 1059 illis
347 1012 468 1067 infertur„
483 1014 516 1059 ait
527 1012 592 1067 laud,
606 1013 692 1060 Bouix:
710 1015 731 1069 i)
750 1012 850 1058 Certum
861 1025 913 1058 esse
925 1010 987 1057 Airi-

192 1104 234 1137 cae
248 1089 378 1137 monachos
385 1092 441 1151 June
453 1091 556 1151 quodam
567 1093 735 1151 exemptionis,
746 1090 796 1137 sub
813 1088 930 1135 libertatis
944 1103 986 1135 ηο-ι

132 1172 133 1175 ’
193 1171 267 1223 mine,
279 1168 354 1222 inisse
367 1171 463 1229 potitos;
476 1173 501 1225 2)
513 1155 587 1216 hocce
597 1171 638 1228 Jus
647 1170 764 1217 libertatis
774 1171 799 1215 in
809 1182 835 1215 eo
845 1170 985 1221 consistere,

193 1249 219 1293 ut
232 1247 322 1310 clerici,
335 1249 471 1307 interquos
483 1249 555 1295 etiam
566 1236 700 1308 Episcopus
711 1249 765 1303 loci,
779 1248 870 1294 nullam
886 1248 985 1293 omnino

193 1328 338 1384 potestatem
347 1326 461 1392 haherent
471 1329 497 1372 in
509 1329 661 1382 monasteria,
671 1329 722 1373 sive
731 1312 846 1381 virorum,
857 1327 905 1372 sive
914 1327 986 1391 etiam

192 1404 343 1451 monialium:
356 1406 450 1469 «urunt
461 1407 543 1464 igitur,
555 1407 626 1464 ajunt
634 1410 687 1452 acta
698 1419 755 1464 syn.
767 1404 849 1451 Carth.
865 1417 912 1450 ann
925 1387 986 1457 inita,

193 1484 272 1530 omnia
283 1485 381 1530 corrrino
395 1486 547 1539 nionasteria,
561 1485 625 1531 sicut
640 1497 734 1544 semper
752 1485 860 1537 luerunt,
874 1497 887 1529 a
899 1483 986 1529 condi-

190 1562 258 1607 tione
268 1551 413 1628 clericorum
427 1562 503 1609 modis
515 1563 629 1610 omuibus
640 1563 737 1610 libera».
751 1564 777 1610 In
794 1564 824 1609 iis
845 1562 985 1623 conclusio-

192 1640 265 1686 nibus
277 1654 331 1687 cum
343 1642 417 1687 citato
429 1644 527 1689 auctore
536 1643 678 1709 consentire
684 1642 797 1689 videntur
805 1643 875 1687 etiam
889 1640 986 1687 Bienciii

191 1718 226 1774 (i)
238 1719 263 1764 ei*
273 1718 403 1773 Zaccarias,
413 1718 417 1722 ’
427 1718 534 1778 Antllal„
544 1721 569 1767 P.
583 1720 613 1775 ir,
626 1720 669 1768 lib.
679 1721 734 1767 V'o.
747 1721 765 1767 i.
778 1720 874 1773 Wernr,
889 1719 904 1765 l.
920 1733 932 1765 e
960 1732 984 1763 n.

192 1800 335 1855 rorpariter
345 1798 448 1845 admittit
462 1797 520 1844 haec
530 1799 606 1858 prima
618 1798 725 1858 exempla
736 1798 811 1845 fuisse
828 1783 986 1856 exemptionis

161 1936 163 1939 .
190 1876 339 1935 regularium
350 1878 376 1923 in
388 1876 490 1923 ecclesia
501 1876 614 1932 africana,
630 1876 687 1924 «ubi
699 1880 787 1929 tamen,
800 1878 887 1936 inquii,
906 1889 986 1922 mona-

191 1952 233 1999 chi
246 1955 380 2001 ordinariae
392 1957 502 2014 potestati
513 1955 686 2015 Episcoporum
704 1956 825 2011 subductis
839 1969 885 2011 nou
898 1954 986 2000 Roma·
1010 2002 1012 2021 Ι

190 2033 215 2079 ni
229 2032 346 2087 Pontifici,
361 2033 403 2080 sed
423 2034 522 2080 Primati
541 2033 736 2093 Carthaginiensi
754 2035 852 2091 inerunt
872 2033 984 2093 subjecti.

191 2097 433 2172 Similispraxisjam
446 2112 502 2159 inde
513 2126 542 2158 cx
555 2114 653 2161 saeculo
665 2115 766 2173 septimo
779 2113 873 2174 vigebat
892 2115 920 2159 in
938 2113 985 2159 Pa·

154 2230 156 2232 ,
190 2189 326 2237 triarchatu
337 2189 615 2251 Constantinopolitano,
629 2193 671 2239 ubi
684 2194 745 2238 teste
756 2192 983 2251 ipsoTlromassinm
997 2206 1006 2211 ¹*

192 2270 233 2327 qui
245 2270 391 2328 exemptioni
403 2270 551 2329 regularium
563 2272 649 2330 parum
660 2270 731 2324 iavet,
746 2270 806 2316 bene
820 2270 893 2317 mnlta
902 2282 985 2316 coeno·
1041 2290 1043 2293 ⁴

191 2346 229 2392 bia
241 2346 271 2392 ab
280 2347 457 2408 Episco’porum
468 2348 662 2396 dioecesanorum
672 2349 798 2409 ,spirituali
817 2348 985 2406 jurisdictione
1027 2387 1030 2408 1

189 2438 289 2485 prorsus
300 2428 368 2473 eraut
380 2425 490 2474 absoluta
502 2430 525 2474 et
539 2429 581 2474 uni
594 2428 729 2485 immediate
744 2418 892 2474 patriarchae
912 2425 986 2473 Onus·
1033 2470 1035 2483 ,

190 2505 391 2565 tantiucpolitano
403 2509 426 2551 et
437 2505 548 2553 Exarcho
561 2505 727 2560 Patriarchali‚
741 2519 812 2566 quem
825 2505 865 2551 iile
883 2504 913 2551 ad
932 2518 985 2551 om·

190 2584 260 2630 nium
270 2585 369 2630 omnino
379 2586 581 2632 monasteriorum
591 2585 827 2632 administrationem
837 2583 984 2642 delegabat».
1043 2609 1045 2615 .

123 2745 124 2748 Ἴ
281 2681 352 2728 Plura
364 2681 410 2728 alia
422 2682 566 2742 documenta
577 2682 605 2729 ad
618 2681 742 2736 saeculnm
753 2681 882 2741 septimum
890 2713 892 2717 -
901 2682 925 2727 et
943 2692 985 2726 oc—

190 2761 274 2805 tavum
286 2762 416 2820 spectantia
435 2761 597 2819 allegantura
614 2759 738 2820 praedictis
758 2760 903 2814 tractoribus,
924 2752 985 2818 quae

191 2837 232 2887 hic
245 2840 470 2897 praetermittuntur
483 2840 607 2886 brevitatis
618 2829 733 2898 gratiaci
748 2827 853 2898 'insuper
872 2838 926 2898 qnia
937 2837 985 2884 iere

164 2956 165 2959 ,
190 2917 274 2963 omnes
286 2916 437 2964 Conveniunt
446 2919 497 2976 jam
509 2932 521 2965 a
534 2919 638 2977 temporo
650 2916 758 2977 Gregorii
775 2917 853 2976 Magni
866 2917 985 2972 (ooo-604)

190 2995 338 3041 monasteria
350 2995 453 3054 quadam
466 2995 586 3043 moderata
599 2996 683 3041 saitem
700 2998 850 3056 exemptione
870 2994 983 3053 gaudere,
1038 2987 1039 2990 ’

238 3126 265 3172 [ll
291 3127 330 3162 (Ex
339 3129 360 3160 iis
369 3130 412 3161 actia
419 3128 509 3162 eslocemur
519 3129 586 3163 Africae
597 3130 698 3162 monasterie
705 3130 761 3162 omnia
768 3129 820 3163 libem
827 3129 879 3161 fuisse
886 3129 907 3161 ab
914 3128 986 3163 ordina-

190 3191 214 3222 ria
230 3185 350 3232 jurisdictione
369 3187 501 3233 Episcoporum,
520 3191 536 3223 iu
552 3201 624 3233 quorum
640 3190 712 3223 dioecesi
729 3190 799 3223 fundata
816 3191 892 3223 luerunt»
907 3188 984 3235 Blandum

190 3261 217 3293 op.
229 3252 257 3283 cit.
268 3255 280 3285 l.
292 3251 309 3291 4,
320 3261 337 3294 p.
352 3248 394 3285 3701
