2091 3569
274 255 306 300 [lu
320 266 469 302 axaurrroua
480 243 641 302 anennoeton
818 260 860 299 159

67 390 183 449 exipsius
193 390 293 436 canonis
305 388 393 443 verbls;
401 389 503 435 minime
516 392 597 435 autem
616 386 752 448 superiores
762 385 859 447 reporto-

66 479 113 522 oas,
126 468 231 526 exeeptis
243 468 368 524 antistitis
380 466 527 521 monialium,
541 471 614 526 prout
625 466 727 513 interius
739 466 857 513 dicemus.
879 475 881 477 ·

66 539 135 595 ldeo‚'
145 539 254 586 observat
266 539 297 585 cl.
312 539 564 593 aienciaci-narica,
583 553 605 598 p.
622 545 659 593 98,
674 540 729 598 «jus
740 538 799 585 illud
811 531 858 597 quo
919 572 920 576 ,

66 617 181 677 Episcopi
196 618 325 676 potuerunt
339 619 434 677 visitare
446 618 571 677 religiosos
583 620 656 664 etiam
667 622 695 663 ut
707 617 807 676 delegati
819 617 859 666 Sc·

66 690 104 736 dis
116 690 268 750 Apostollcae
279 690 354 749 quoad
366 692 416 750 pias
424 690 576 743 fundationes
585 695 608 736 et
621 690 787 736 executionem
798 691 858 746 nlti-

66 775 119 808 mae
138 764 271 822 voluntatis
288 762 458 810 detunctorum
472 761 553 817 (Oonc.
570 762 648 815 rud,
661 775 720 809 sess⁴
739 768 766 807 22
778 776 798 808 c¹
810 768 822 807 a
834 765 857 807 ct

40 903 41 907 Ἰ
65 854 126 887 sess.
139 847 167 886 25
181 855 202 887 c.
216 848 228 887 8
241 841 269 887 de
281 840 335 897 ref.)
354 841 449 894 videtur
467 844 579 900 respectu
601 840 751 900 regularium
762 842 858 886 restric-

65 921 118 965 tam
131 919 161 965 ad
173 918 326 975 fundationes
337 921 429 966 intuitu
439 911 559 978 pannoniae
572 920 609 965 vel
621 920 746 965 missionis
756 919 858 981 tactas.»

64 999 182 1051 Attamen
201 998 279 1057 quoad
296 997 354 1043 boore
364 996 501 1058 praetorio
510 985 614 1057 regulari
627 995 761 1057 ceremiam,
775 1010 857 1056 praes-

65 1074 137 1122 cribit
149 1091 168 1123 c.
185 1077 240 1122 1515
252 1089 301 1136 par.
316 1083 328 1122 3
340 1080 374 1131 ut,
385 1078 405 1122 si
419 1076 481 1123 tona
492 1079 542 1123 sint
553 1077 670 1133 attributa
680 1077 725 1123 loci
740 1090 783 1122 seu
796 1077 857 1123 dioe-

65 1163 128 1209 cesis
147 1164 263 1218 ecclesiis,
284 1164 369 1210 incolis
380 1167 419 1211 aut
433 1166 477 1224 piis
488 1166 567 1212 causis
575 1164 700 1223 juvandis,
714 1162 857 1210 Ordinarius

64 1243 106 1306 cui
124 1242 241 1300 regularis
253 1242 282 1288 de
293 1256 336 1289 sua
354 1242 441 1294 fiducia
455 1230 582 1291 certiorem
593 1242 693 1290 reddere
702 1233 780 1296 debet,
794 1242 857 1288 indi-

64 1332 125 1365 cans
146 1322 226 1367 omnia
245 1321 382 1368 istiusmodi
396 1323 460 1381 'bona
479 1335 523 1367 sen
543 1321 642 1367 mobilia
659 1319 709 1367 seu'
724 1321 856 1375 immobilia

20 1453 22 1455 ,
44 1433 45 1436 ,
64 1414 121 1458 cum
134 1403 249 1449 oneribus
267 1403 398 1463 adjunctis
419 1407 442 1449 et
459 1406 505 1449 sut
518 1404 588 1462 cujtrs
602 1404 746 1468 auctoritaie
758 1415 784 1448 ac
797 1403 855 1461 vigi-

63 1479 138 1526 lantia
159 1481 283 1528 collocatio
305 1482 419 1546 bonorum
437 1485 509 1541 atque
528 1466 638 1528 executio
661 1483 710 1540 piae
723 1481 855 1527 voluntatis

63 1561 231 1614 committitur,
246 1565 282 1606 est
294 1560 341 1607 loci
352 1558 499 1616 Ordinar·ius;
511 1574 591 1615 secus,
605 1564 641 1606 est
654 1558 768 1619 Superior
781 1560 855 1616 maJor

63 1638 283 1697 ipsiusregnlarls.
315 1697 325 1704 μ
496 1636 498 1640 '
695 1626 696 1629 Ἴ

154 1735 175 1774 2.
209 1728 276 1786 Quod
287 1730 317 1777 ad
328 1729 439 1784 recordatos
451 1732 546 1784 attinet,
560 1732 683 1777 Antistiae
695 1743 776 1775 earum
797 1741 855 1774 con-

62 1819 162 1852 sensum
182 1808 288 1855 obtlnere
300 1794 413 1856 tenentur
428 1810 473 1857 toci
486 1808 606 1857 Ordinarii
617 1823 659 1868 pro
671 1797 774 1853 cotoneis
785 1821 853 1867 pecn-
895 1799 899 1802 ¹

63 1887 117 1931 niae
135 1885 301 1932 collocatione.
313 1889 434 1947 ipsiusque
454 1888 557 1947 qnalibet
578 1889 721 1942 ructatione,
742 1887 852 1934 accedere

61 1963 161 2024 insuper
172 1963 386 2016 detetconsensus
398 1967 513 2025 regularis
525 1965 662 2026 Superioris
674 1968 714 2017 cui
728 1968 853 2020 nronaste-

61 2044 125 2091 rium
138 2042 166 2089 de
177 2042 240 2089 lacto
260 2046 291 2089 sit
308 2044 442 2103 subjectum
455 2046 486 2100 (e.
500 2050 543 2091 533
555 2058 605 2104 per.
622 2053 631 2090 1
648 2058 671 2090 n.
690 2052 707 2098 t;
721 2045 744 2091 id
758 2045 851 2104 parsu).
917 2068 919 2070 ·

61 2120 122 2175 Item
134 2123 228 2177 statuit,
242 2135 262 2168 c.
277 2130 319 2170 535
339 2110 387 2182 par.
402 2131 421 2177 l,
436 2137 457 2168 n·
471 2132 491 2177 t,
503 2127 529 2169 ut
539 2126 565 2170 in
586 2124 693 2183 quolibet
710 2123 852 2169 rnouialiunr

62 2202 208 2247 monasterio
227 2203 299 2247 etiam
321 2205 429 2261 exempto
450 2200 668 2247 (administrationis
685 2199 757 2253 roario,
777 2203 852 2259 gratis

62 2277 188 2336 exigenda,
207 2279 322 2325 reddatur
340 2280 412 2343 semel
425 2283 451 2327 in
463 2274 537 2334 anno,
550 2283 676 2341 autetiam
689 2278 784 2339 'saepius
795 2281 816 2324 sl
827 2278 854 2340 id-

60 2358 87 2402 tn
107 2358 524 2418 constitutionibuspraescribatur,
545 2359 575 2404 ab
594 2359 714 2407 Antistita
726 2356 850 2404 Ordinatio

59 2444 114 2499 loci,
129 2446 235 2504 lienique
255 2444 377 2505 Superiori
391 2447 495 2504 regulari
505 2437 736 2493 cui'monasterium
748 2446 851 2505 subjici-

60 2526 108 2579 tur;
121 2524 142 2570 si
164 2525 224 2569 ratio
235 2524 453 2570 administrationis
466 2523 592 2572 Ordinaric
604 2527 652 2572 non
666 2524 788 2585 probetur,
801 2529 851 2584 ipse

60 2600 209 2661 Superiorem
230 2593 371 2660 regularem,
391 2605 426 2649 uti
445 2605 573 2662 prospiciat
586 2587 684 2650 monere
696 2603 773 2658 debet
786 2603 851 2662 qnod

56 2682 81 2726 si
100 2679 223 2738 Superior·
235 2683 398 2739 praemonitus
409 2685 541 2741 opportuna
552 2683 657 2728 remedia
669 2683 799 2741 neglexerit
812 2682 851 2728 ad·
923 2719 924 2722 ,

60 2755 152 2812 hibera
165 2760 237 2805 etiam
249 2760 399 2809 removendo,
413 2763 483 2807 sires
495 2761 607 2820 postulet,
619 2768 772 2808 oeconomum
781 2761 851 2807 alios·

59 2850 105 2896 que
117 2836 334 2891 administratores,
347 2842 404 2886 tunc
415 2839 460 2886 loci
472 2837 615 2885 Ordinarius
629 2853 671 2898 per
687 2853 713 2886 se
722 2840 851 2885 consulere

58 2917 157 2962 tenetur
178 2916 247 2971 (ibid.
269 2930 293 2963 n.
314 2918 344 2973 2),
366 2917 447 2970 eadem
467 2930 551 2976 nempe
574 2919 679 2965 remedia
703 2918 849 2972 adhibendo,

58 2999 129 3054 prout
144 2996 195 3052 ‚iam
207 2997 365 3042 constituerat
387 2995 514 3056 Gregorius
524 2997 570 3044 XV
591 2999 616 3043 in
628 2997 693 3043 laud.
711 3011 779 3044 cons.
792 2993 849 3044 Ios-v

58 3071 180 3119 cretoboli.
251 3109 252 3113 ,

149 3165 371 3214 Uonsensusetiam
384 3167 503 3215 Ordinarii
513 3167 558 3214 loci
571 3171 595 3213 et
604 3167 741 3226 Superioris
752 3169 849 3228 regala-

57 3255 91 3300 ris
102 3255 234 3311 requiritur
245 3259 271 3301 nt
291 3255 355 3301 dotes
365 3256 538 3315 reliqiosoruoo,
557 3256 587 3302 ad
609 3270 718 3303 norrrram
730 3272 783 3305 can.
797 3250 848 3309 549,
911 3249 912 3252 “
