2091 3569
282 263 317 309 Da
329 275 482 310 uxouomoxu
494 276 651 311 excommun
828 269 869 310 lot

78 396 153 455 cripta
166 395 232 442 netas
247 398 282 442 est
299 396 346 443 loci
358 394 483 444 Ordiuario
496 396 629 455 praedictos
647 396 731 450 libros,
746 396 796 442 sire
809 395 866 443 Mis·

78 486 160 520 sarum
178 474 334 529 manualium,
354 475 406 521 sive
421 488 519 522 oncrum
533 477 708 534 perpetuorum
722 477 765 521 aut
775 475 869 533 tempo·

73 553 178 607 carium,
196 553 240 599 sivi
258 555 284 600 iu
300 554 441 600 visitatione
458 553 608 601 exhibendos
623 555 721 612 exigere
733 553 785 608 (cir.
798 552 826 599 Α.
841 550 867 599 0.

79 630 166 685 Minor,
179 643 219 678 an.
234 637 299 687 1904,
312 646 335 691 p.
350 632 411 685 ato).
502 623 504 629 ’
764 641 766 644 ’
942 624 943 627 ’

169 723 197 775 a).
230 719 332 767 Visitare
342 729 437 780 quoque
448 722 526 780 potest
537 719 682 768 Ordiuarius
694 719 740 766 loci
752 730 828 763 omaar
836 730 869 762 aa·

44 835 45 838 ,
73 794 162 842 ciaoa‘as
178 798 246 857 atqua
262 798 371 845 oratoria
383 798 478 859 patrica
494 796 656 858 adwrcpalcres
671 794 824 859 pertinencia,
842 798 869 841 at
920 808 922 813 ⁴

79 873 165 944 rrcrtiar
173 874 219 935 fiat
230 876 257 921 dc
268 876 418 924 observantia
431 877 504 938 lapara
514 891 576 939 panc
583 877 615 924 ad
624 890 733 923 aeratam
742 881 795 922 erran.
808 875 867 921 1261

73 965 131 1011 par.
149 952 226 1013 &ipse
241 955 308 1015 serra
322 958 399 1016 potari
415 956 446 1002 ad
465 956 581 1003 meliorem
597 953 772 1003 observantiam
790 965 868 999 coartat
942 964 943 968 ¹

77 1044 138 1091 qaae
149 1032 313 1093 capriaanritar
327 1033 353 1079 in
362 1048 416 1095 par.
430 1037 447 1082 I
455 1035 555 1095 asportan
567 1033 673 1089 carnariis,
685 1035 728 1081 sel¹
748 1033 778 1080 ad
788 1044 867 1080 remo-

79 1110 184 1171 vendum
204 1125 274 1159 omne
293 1112 326 1168 id,
344 1114 406 1174 quod
423 1116 544 1162 sanctitati
560 1109 587 1162 ac
602 1114 684 1161 decori
700 1113 780 1159 cultus
791 1111 867 1157 diuini

80 1177 204 1248 repugnat.
215 1191 314 1238 'Praeter
327 1191 386 1239 haec
397 1205 453 1239 vero
464 1191 559 1241 iasuou
571 1194 607 1240 est
617 1193 746 1259 Episcopo,
756 1191 781 1236 in
793 1188 868 1235 eccle·

77 1268 120 1314 siis
133 1270 276 1328 regularium
291 1284 352 1330 quae
371 1272 519 1331 parochiales
528 1284 575 1319 nou
587 1275 653 1325 sunt,
667 1271 764 1326 visitare
778 1268 865 1315 saeris-

78 1349 132 1401 tias,
141 1351 292 1415 paramenta,
308 1356 374 1398 vasa
383 1364 459 1405 sacra,
477 1351 558 1398 altaria
573 1351 611 1397 vel
622 1350 675 1397 loca
687 1348 729 1395 ubi
740 1350 766 1394 iu
778 1346 866 1397 eisdem

77 1420 186 1494 ecclesiis
197 1431 333 1475 asservatur
343 1428 385 1476 SS.
395 1429 561 1478 Eucharistiae
570 1428 763 1485 Sacramentum,
776 1424 813 1476 vel
825 1423 866 1471 ubi
898 1443 899 1446 ¹

77 1504 213 1551 audiuntur
231 1506 397 1554 confessiones
406 1521 563 1567 personarum
571 1492 742 1555 saecularium.
752 1504 867 1552 Probatur

76 1595 106 1626 ex
119 1580 236 1643 principio
247 1585 525 1645 generaliexemptionis
536 1586 565 1632 ab
579 1582 707 1645 episcopali
721 1583 865 1634 visitatione,

79 1667 149 1718 prout
162 1665 301 1721 proponitur
317 1665 343 1710 in
359 1661 402 1710 cit.
417 1678 471 1711 can.
490 1670 532 1711 344
544 1678 592 1724 par.
609 1671 632 1717 2,
645 1662 710 1723 quod
721 1675 760 1708 eas
772 1663 875 1707 tautum

71 1742 226 1800 exceptiones
239 1741 345 1789 admittit
358 1757 419 1802 quae
437 1746 463 1790 iu
479 1745 534 1803 jure
552 1756 678 1802 expressae
696 1735 864 1788 inveniuntur.
910 1733 911 1736 ’

10 1825 11 1828 ’
76 1817 187 1865 damrero
201 1820 283 1866 nullibi
295 1823 320 1882 in
334 1820 421 1868 Codice
434 1821 495 1869 hauc
511 1821 626 1869 visitandi
638 1822 782 1881 potestatem
795 1817 865 1865 Ordi-

45 1957 46 1960 ,
79 1898 144 1944 nario
160 1889 207 1945 loci
220 1899 362 1947 conceditur
378 1901 403 1948 iu
419 1901 527 1948 ecclesiis
542 1901 668 1959 exemptis,
687 1901 780 1958 praeter
797 1897 865 1943 modo

75 1976 165 2023 dictam
177 1976 205 2023 de
217 1977 368 2025 observantia
380 1979 461 2038 legum
472 1980 641 2040 episcopalium
655 1978 721 2025 circa
730 1977 819 2024 cultum
831 1976 866 2023 di·

77 2055 170 2101 vinum.
183 2055 231 2103 Nec
242 2055 311 2116 objici
324 2058 402 2116 potest
416 2059 587 2117 praescriptum
598 2048 650 2117 par.
666 2063 675 2101 l
689 2054 797 2114 ejusdem
809 2067 864 2101 cau.

74 2124 128 2188 ⁸344,
138 2135 207 2193 Juxta
219 2135 282 2194 qrrod
294 2136 445 2182 «ordinariae
460 2136 731 2197 episcopali-visitationi
749 2133 865 2179 obnoxiae

18 2254 20 2258 .
76 2214 134 2257 suut
146 2225 265 2272 personae,
277 2227 313 2259 res
325 2226 353 2260 ac
365 2213 418 2262 loca
429 2216 475 2274 pia,
488 2215 597 2274 quamvis
608 2213 783 2271 exempta....»;
793 2212 865 2271 siqui-

76 2289 137 2344 dem,
151 2292 175 2336 iu
189 2305 237 2351 par.
250 2299 272 2345 a.
285 2293 323 2339 uti
334 2291 450 2347 diximus
462 2293 569 2353 exceptio
580 2292 607 2340 fit
617 2295 644 2339 in
656 2291 762 2338 levorem
774 2290 864 2348 religio·

75 2382 164 2415 sorum*
175 2373 350 2429 exemptarum.
366 2371 432 2418 ldem
445 2372 509 2430 Juris
524 2374 574 2418 erat
590 2369 864 2431 praeterita'legislatio-

76 2461 113 2502 ue,
127 2449 183 2507 quin
198 2448 302 2500 obstaret
314 2450 378 2497 decr.
393 2449 467 2503 Trid„
480 2464 502 2497 c.
514 2441 533 2496 'a
543 2464 607 2496 sessi
622 2457 633 2495 7
647 2450 676 2495 de
687 2448 748 2502 Rei,
761 2448 799 2495 his
810 2460 864 2493 ver-

74 2527 111 2572 bis
127 2539 273 2585 expressum:
291 2527 425 2575 «Locorum
440 2528 558 2576 Ordiuarii
570 2529 687 2575 ecclesias
700 2538 863 2587 quascumque

70 2600 252 2663 ‘quomodolibet
269 2608 392 2665 exemptas
408 2610 547 2654 auctoritate
565 2598 695 2667 apostolica
706 2605 809 2663 singulis
820 2617 864 2650 an-

75 2684 113 2729 uis
132 2684 230 2731 visitare
247 2687 418 2732 teneantur...
436 2686 602 2746 privilegiis...'.
622 2686 720 2745 penitus
736 2681 862 2730 exclusis».

75 2763 138 2809 Haec
150 2750 212 2809 enim
224 2762 361 2822 dispositio,
376 2765 446 2823 Juxta
461 2777 611 2816 communem
627 2764 753 2810 auctorum
766 2763 864 2807 senten-

46 2853 48 2858 ·
75 2842 140 2895 tiam,
154 2839 206 2896 (cir.
219 2840 333 2896 Glorior,
349 2857 370 2903 p.
385 2850 435 2901 211)
454 2844 487 2900 (l)
506 2844 577 2889 variis
589 2834 754 2889 decisionibus
764 2838 804 2885 SS.
815 2837 862 2884 OC.

122 3028 149 3075 (l)
173 3030 225 3064 Juxta
239 3007 260 3065 ci.
274 3030 365 3075 Cappollo.
377 3031 403 3068 De
414 3030 475 3071 risit.
486 3031 508 3071 Il,
520 3042 535 3074 p,
546 3030 588 3069 423,
602 3030 700 3074 Episcopus
713 3026 788 3063 uisitare,
799 3033 864 3071 poterut

75 3091 91 3123 iu
101 3084 176 3125 ecclesiis
185 3092 285 3134 regularium
296 3104 316 3125 ca
326 3092 363 3125 locu
372 3092 401 3125 ubi
410 3097 505 3126 asservatur
513 3091 545 3126 SS.
556 3091 682 3126 Euchiaristixe
696 3087 823 3123 Sacramentum
838 3086 864 3120 rel

75 3151 102 3183 uhi
117 3152 209 3194 audiuntur
222 3153 334 3186 saecularium
348 3153 468 3192 confessiones,
480 3153 523 3197 quod
539 3157 608 3197 «aperto
622 3148 782 3195 immanitatem
793 3148 864 3181 ilecrotIs

74 3210 93 3246 S.
108 3210 129 3246 R.
144 3211 172 3247 C..
186 3212 208 3245 27
221 3224 257 3261 sep,
273 3212 319 3247 1659
333 3219 350 3246 et
359 3212 382 3246 20
388 3213 421 3256 jul.
434 3212 479 3248 itta
488 3214 590 3247 confirmatio
600 3224 620 3245 ac
629 3213 729 3256 approbatis
738 3210 759 3243 ub
769 3209 863 3251 Alexandro

75 3271 126 3305 Vll»,
141 3272 204 3305 Teutria
216 3264 293 3318 carrinam
308 3275 384 3310 adducti.
398 3285 435 3306 rnen
444 3274 502 3307 saltem
510 3274 582 3316 judicio.
593 3286 626 3307 nna
637 3274 719 3307 evincunt
729 3272 780 3317 prael.
791 3270 864 3301 auctoris
