2091 3569
186 258 228 300 116
405 253 438 300 DE
451 265 603 301 uxuurrlouu
615 267 773 302 aueuuxaruu

184 383 226 432 ehi
237 385 379 452 civitatisin
389 398 440 445 qua
453 384 570 445 Synodus
578 384 715 434 celebratur
725 386 762 432 vel
774 387 871 434 demum
883 387 906 443 a)
914 385 975 432 elec-

184 466 204 510 ti
214 463 304 511 luerint
317 464 346 511 ad
360 463 458 524 Synodo
468 457 669 512 interessendum
681 451 699 511 ‘a
714 466 800 511 ceteris
816 468 841 512 in
858 465 974 511 vicariatu

184 541 281 604 ioraneo
292 555 374 589 curam
382 536 520 590 aninrarum
531 530 589 590 actu
601 543 747 601 habentibus
758 543 820 599 (can.
834 549 876 590 358
889 556 937 603 par.
953 548 973 597 1,

186 633 228 666 nn.
247 626 269 675 4,
288 626 309 676 6¹,
325 621 359 673 7).
385 620 496 668 Facultas
513 623 614 681 insuper
626 621 751 682 Episcopis
763 623 903 670 conceditur
914 633 980 668 oona

184 698 294 754 vocandi,
306 699 328 745 si
340 699 384 745 hoc
396 700 560 759 opportunum
577 699 748 758 iudidave'rint,
761 713 844 748 omnes
860 699 975 759 Superis*

185 790 222 822 res
234 776 360 836 religiosos
371 777 502 838 omnesque
512 777 634 838 parochos
645 781 757 838 propriae·
768 778 891 833 dioecesis
909 779 974 825 invi*-

145 857 147 860 '
185 856 227 900 tati
239 859 321 912 autem
334 856 373 914 ius
384 853 484 915 s'uiragii
497 858 520 903 in
535 857 649 903 omnibus
662 855 760 911 habent,
782 857 882 916 perindev
893 869 920 902 ao
933 869 973 903 ee-

184 935 238 985 teri.
259 934 306 980 nisi
326 934 460 994 Episcopus
478 935 503 982 in
521 930 743 982 invitatio'ne‘aliud
757 944 866 994 expresse
886 935 974 980 caverit

185 1011 256 1068 (ibid.
270 1025 320 1071 par.
338 1015 369 1069 2).
388 1013 540 1073 Deniqueiis
552 1015 593 1074 qui
604 1013 634 1059 ad
646 1012 771 1072 Synodum
784 1015 864 1059 venire
878 1012 973 1066 debent,
989 1024 992 1027 ⁴

185 1090 206 1135 si
219 1090 323 1148 legitimo
335 1089 675 1150 impedimentodetineantun
685 1091 737 1139 'non
749 1088 805 1139 licet
818 1093 910 1139 mittere
923 1104 975 1150 pro·

185 1171 331 1223 curatorem,
344 1170 384 1216 sed
397 1169 543 1229 Episcopum
554 1170 582 1217 de
593 1170 902 1230 impedimentocertiorem
914 1160 975 1216 lace.-

185 1259 210 1293 re
221 1246 319 1294 debent.
327 1242 555 1308 >Negligentesre'ro
566 1249 699 1309 Episcopus
710 1251 788 1309 potest
804 1250 874 1295 iustis
893 1248 975 1307 poenis

186 1325 330 1384 compellere
342 1327 365 1372 et
378 1325 474 1386 punire,
483 1324 532 1372 atsi
543 1325 570 1372 de
580 1325 698 1386 religiosis
709 1325 822 1382 reemptio
834 1328 920 1386 apator
935 1324 976 1385 qui

185 1402 283 1464 praecolit
298 1417 345 1449 ooo
360 1404 410 1450 stat
423 1406 454 1460 (c.
474 1408 534 1462 359),
551 1406 627 1453 Aliter
637 1405 760 1452 accidebat
769 1405 825 1463 ‚jure
840 1406 974 1464 praeterito,

186 1494 240 1529 uam
258 1485 332 1529 etiam
354 1483 457 1530 abbates
475 1486 499 1529 et
520 1483 660 1543 Superiores
673 1485 795 1543 regulares
813 1483 992 1541 *subjacebant

186 1561 290 1608 mulctae
305 1562 330 1608 in
347 1560 448 1620 Synodo
461 1562 577 1609 adversus
589 1565 744 1609 contumaces
756 1563 919 1617 oonrrninatae‚
932 1575 976 1607 ex-

186 1643 252 1699 cepta
272 1640 364 1685 mulcta
383 1637 527 1699 pecuniaria.
544 1640 592 1687 Gir.
610 1642 649 1688 cit.
668 1641 728 1688 decl.
746 1639 770 1686 S.
789 1640 815 1686 O.
832 1639 866 1696 0.,
884 1640 974 1699 [ajon.

188 1725 251 1771 1703,
624 1730 626 1735 '
781 1739 783 1741 ’

262 1854 264 1857 ’
336 1864 357 1921 ἕ.
371 1864 400 1910 ΙΙ,
408 1861 600 1912 —Limitetiones
611 1836 690 1924 quoad
702 1861 827 1912 moniales.

194 1975 195 1979 ’
258 1970 314 2027 *rm
332 1972 457 2029 moniales
468 1982 532 2041 quod
551 1984 645 2037 attinet,
666 1984 759 2042 praeter
773 1982 824 2040 jam
845 1982 975 2027 recensitas

147 2095 149 2099 .
184 2058 347 2125 subjectiones
359 2069 414 2119 erga
426 2060 472 2106 loci
484 2051 634 2108 ordinarium
646 2062 709 2107 eirca
717 2073 799 2106 earum
812 2058 976 2106 confessiones

186 2151 280 2184 necnon
303 2139 389 2198 qrioad
402 2123 485 2196 causas
504 2135 653 2186 dimissionis
670 2130 836 2198 professarum,
856 2139 975 2198 praecipui

145 2272 146 2275 Ἴ
186 2210 258 2262 casus
272 2217 363 2276 quibus
376 2205 515 2264 coaretatur
531 2209 625 2283 illarum
643 2216 776 2277 personalis
789 2208 907 2275 exemptio
920 2214 989 2262 ver-'

186 2297 272 2341 santur
296 2297 320 2351 a)
337 2297 401 2342 eirca
418 2284 606 2355 explorationem
625 2294 757 2341 voluntatis
775 2294 906 2360 puellarum
920 2293 976 2340 ante

186 2373 281 2420 liabitas
298 2375 476 2433 susceptionem
494 2388 522 2420 ac
538 2373 711 2434 professionem
728 2378 750 2419 et
763 2372 785 2429 bl
800 2372 861 2432 quod
882 2375 974 2431 spectat

186 2451 215 2497 ad
227 2441 371 2499 electionem
384 2454 496 2499 Atistitae
507 2454 653 2504 monasterii.

133 2602 134 2605 Ἴ
276 2545 308 2601 a).
343 2543 377 2590 Dr
398 2528 581 2607 sxruonrrrouu
606 2537 756 2607 rcn'unrnrr's
783 2529 976 2609 romanarum.—

150 2651 152 2655 Α
186 2621 315 2674 Praeterito
322 2623 375 2681 J'ure
384 2623 407 2667 vi
417 2622 507 2675 decreti
517 2621 651 2678 Tridentini
661 2622 692 2677 (c.
709 2628 733 2666 17
747 2610 805 2667 sess.
818 2627 846 2683 ao
858 2620 886 2666 de
898 2619 976 2678 Regi,

185 2688 273 2760 pirella,
295 2713 355 2760 quae
373 2700 480 2747 habitum
500 2691 633 2759 regularem
653 2702 774 2758 suscipere
795 2691 912 2753 voluerit,
925 2711 974 2765 non

185 2784 241 2826 ante
253 2793 308 2826 eum
319 2781 442 2837 suscipere
454 2780 554 2838 poterat,
569 2791 611 2825 reo
625 2782 706 2837 postea
720 2780 770 2838 ipsa
783 2779 817 2824 vel
830 2778 874 2823 alia
887 2777 977 2837 proies·

185 2860 278 2914 sionem
289 2859 409 2912 emittere,
422 2870 508 2917 «quani
519 2857 677 2917 exploraverit
690 2857 831 2916 Episcopus,
844 2855 881 2902 vel
898 2869 925 2901 eo
936 2854 977 2900 ab·

185 2939 252 2983 sente
264 2936 302 2982 vel
313 2936 428 2996 impedito
440 2938 491 2996 ejus
502 2937 613 2989 vicarius,
632 2940 674 2982 aut
684 2936 771 2995 aliquis
783 2948 866 2982 eorum
877 2935 977 2993 sumpti-

130 3018 131 3021 ’
186 3015 231 3062 bus
244 3015 273 3062 ab
293 3016 327 3061 eis
346 3014 485 3074 deputatus,
507 3015 608 3073 virginis
626 3014 775 3075 voluntatem
795 3013 929 3080 diligenter,
945 3025 976 3059 an

183 3096 275 3152 coacta,
290 3106 321 3140 an
334 3093 433 3141 seducta
444 3096 484 3146 sit,
497 3105 528 3139 an
540 3093 600 3138 sciat
613 3092 671 3152 quid
683 3095 756 3152 agat..
771 3128 776 3137 .
794 3091 874 3151 Cujus
886 3091 976 3151 proies-

185 3173 260 3219 sionis
271 3175 409 3232 tempusue
420 3174 549 3232 episcopus
560 3173 663 3231 ignoret,
675 3168 788 3218 teneatur
802 3169 917 3230 praelecta
929 3182 978 3215 mo-¹

186 3254 290 3299 nasterio
302 3265 357 3299 eum
373 3253 428 3298 ante
440 3252 684 3304 mensemeertiorem
696 3249 781 3297 iacere.
796 3248 864 3306 Quod
876 3250 895 3294 si
908 3261 976 3308 prae-
