2091 3569
269 284 303 329 liri
316 297 471 332 annuncient
482 286 641 333 anduennium
771 324 773 328 .
820 292 849 331 ’75

56 421 169 468 dioecesi.
192 417 240 465 Cir.
256 421 282 465 Α.
296 417 319 464 S.
335 417 359 464 S.
373 417 395 465 ΙΙ
409 433 431 478 μ,
446 426 488 465 155
501 432 537 478 sq.
549 405 551 407 ¹
561 419 636 466 Hodie
657 432 713 466 vero
725 432 753 464 er
766 431 849 478 praes-

56 500 134 558 cripto
147 510 198 545 can.
211 497 299 544 laudati
320 496 416 556 hocjus
432 497 546 557 Episcopi
563 497 614 556 jtam
626 499 732 544 evencii.
747 498 864 563 Domum

5 568 7 573 ¹
56 576 121 637 qnod
141 577 228 622 attinet
248 575 276 622 ad
288 575 461 622 admissionem
471 575 607 641 sacerdotis
624 576 740 634 regularis
750 573 854 620 ollarios·

58 653 156 702 (Indicis
167 655 267 714 antiquo
276 655 332 713 June
348 653 412 701 nihil
431 662 573 713 expressum
584 655 716 700 Invenitur.
732 656 848 701 Auctores

57 738 146 787 tamen,
165 734 269 779 mentem
289 732 330 780 SS.
352 731 398 780 OC.
416 734 613 794 interpretantes,
634 732 703 779 illu-m
716 733 847 778 obnoxium

57 811 175 880 iaciebant
194 811 376 859 condicionibus
388 826 448 872 quas
465 813 599 873 Episcopus
612 810 657 857 hac
671 813 697 857 in
710 825 734 857 re
746 809 846 858 definie-

57 894 96 937 rIt.
110 891 143 946 (1)
610 889 612 893 ’

92 971 94 975 ”
135 968 210 1016 (lateri
222 957 302 1015 autem
310 970 384 1015 'casus
396 968 522 1028 inquibus
534 969 748 1028 regularesparere
760 968 846 1014 debent

56 1040 157 1092 decretas
172 1038 339 1107 epitropclibnr
351 1061 372 1093 v.
385 1061 432 1106 gr„
446 1049 509 1094 circa
519 1048 612 1108 cultum
632 1048 749 1101 divinum,
771 1047 845 1093 divim

57 1125 124 1171 nerbi
145 1126 352 1184 praedicationem,
376 1129 432 1180 eta,
453 1129 478 1172 in
506 1125 712 1190 subsequentibus
740 1125 846 1172 articulis

57 1204 241 1264 perpendentes.

146 1282 179 1329 IX
210 1283 294 1341 Quone
311 1297 409 1330 casuum
428 1283 761 1342 contumerias—Regulares
772 1296 843 1342 gene-

55 1361 136 1407 raliter
156 1375 202 1408 555
211 1363 348 1421 obligantur
367 1361 538 1409 collationibus
556 1376 656 1410 casuum
674 1363 844 1416 conscientiae,

55 1453 115 1497 qnae
138 1452 151 1484 a
174 1439 238 1486 clero
265 1442 380 1488 saeculari
402 1440 473 1494 fiunt,
497 1443 622 1488 interesse.
651 1440 765 1492 Attamen
791 1441 846 1486 baec

54 1519 173 1574 exemptio
203 1519 226 1565 in
249 1507 356 1578 pluribus
378 1518 475 1566 casibus
502 1522 648 1574 coarctatur,
672 1519 791 1584 videlicet:
817 1518 844 1573 Il.

54 1595 137 1653 Quoad
150 1596 270 1655 regulares
281 1598 397 1656 parochos
417 1600 440 1643 et
461 1602 552 1644 eeteros
564 1598 685 1657 regulares
696 1610 776 1644 curam
791 1598 840 1643 ani-
909 1582 911 1589 '

57 1688 149 1721 marum
166 1677 311 1730 exercentes,
331 1679 373 1736 qui
393 1678 416 1722 vi
429 1689 479 1735 par.
493 1682 573 1723 ccam
585 1682 625 1722 131
638 1679 661 1722 et
675 1689 722 1735 par.
737 1676 780 1722 Ic.
793 1681 851 1736 631,

53 1755 177 1808 tenentur,
187 1753 300 1805 sicutalfi
309 1754 443 1801 saeculares
453 1754 551 1812 parochi
559 1768 601 1802 seu
611 1755 693 1802 vicarii
703 1755 845 1813 paroeciales

54 1832 83 1877 ad
94 1831 223 1891 praedictis
234 1832 387 1880 conferentds
399 1834 603 1880 interessendum.
626 1833 691 1891 Quae
703 1834 845 1892 praescrIpto

53 1909 101 1955 iere
113 1913 246 1961 consonant
255 1913 370 1962 anteriori
383 1911 535 1972 disprliuae.
545 1913 579 1967 (2)

82 2014 84 2016 v
143 1989 183 2045 II).
217 1981 275 2036 Item
287 1990 324 2036 his
336 1990 510 2037 collationibus
523 1992 635 2036 assistere
647 1989 734 2036 debent
746 1989 845 2048 Regula·

53 2079 99 2120 res,
113 2067 303 2126 qui‘facultatem
314 2068 427 2122 audiendi
438 2068 603 2116 confessiones
615 2068 644 2113 ab
658 2067 783 2134 Ordinario
798 2068 844 2113 loci

52 2146 209 2200 obtinuerint,
223 2147 263 2193 sed
275 2146 317 2194 hoc
328 2142 536 2200 conditionaliter,
549 2148 569 2193 si
582 2160 668 2206 nempe
679 2146 792 2206 eiusmodi
807 2159 844 2191 co·
888 2204 891 2208 ⁴
949 2133 950 2139 ¹

53 2222 165 2271 ilationes
176 2226 201 2270 in
214 2238 294 2272 eorum
306 2226 419 2272 domibus
432 2239 482 2271 non
495 2224 633 2271 habeantur
644 2226 675 2279 (c.
691 2231 730 2270 131
750 2238 798 2283 par.
812 2225 847 2280 3),

53 2303 116 2349 Haec
133 2303 265 2363 dispositio,
283 2306 404 2362 quatenus
421 2304 557 2361 generalem
574 2303 668 2349 inducit
682 2302 843 2361 disciplinam,

52 2386 168 2428 novaest.
190 2382 284 2429 Etenim
308 2383 332 2427 in
356 2383 459 2429 concilio
482 2383 599 2448 Romano,
618 2395 660 2427 an.
685 2389 741 2428 1725
757 2382 844 2427 arrato·
875 2444 877 2447 ι

52 2460 120 2506 ritate
137 2461 196 2513 Ben.
213 2460 270 2508 XIII
286 2462 377 2514 coacto,
396 2463 562 2508 constitutum
582 2461 636 2515 fuit,
656 2462 682 2506 ut
705 2460 842 2506 confessarii

52 2551 143 2592 omnes,
162 2541 232 2585 etiam
256 2553 285 2585 er
301 2539 429 2586 ordinibus
441 2531 610 2599 regularibus,
624 2541 688 2586 intra
708 2538 767 2584 lines
784 2539 843 2584 Pro-

52 2616 145 2664 vinciae
158 2618 277 2665 Romanae
288 2619 473 2670 commorantes,
487 2609 600 2664 accedere
611 2616 725 2664 deberent
737 2617 770 2663 ad
782 2629 842 2662 con-

31 2698 34 2704 '
48 2683 176 2742 ‘larentiam
189 2709 288 2756 casuum
302 2697 330 2742 ab
343 2696 468 2755 EpIscopiS
485 2698 610 2750 statutam,
629 2695 759 2742 dummodo
770 2689 843 2742 mora·

51 2770 86 2819 les
101 2777 127 2820 in
143 2787 227 2821 eorum
243 2775 400 2821 conventibus
413 2774 535 2822 lectiones
553 2787 600 2836 non
618 2773 776 2820 haberentur,
792 2773 840 2834 Otr.

24 2867 27 2873 ”
51 2848 149 2907 Mosen,
163 2852 204 2899 III.
222 2866 246 2899 n.
265 2859 315 2899 788.
333 2851 465 2912 Quousque
482 2855 564 2899 autem
580 2867 605 2899 se
620 2853 752 2899 extenderit
765 2853 842 2904 eccle,-

15 2947 17 2951 ’
50 2929 147 2978 siastica
160 2931 283 2978 Provincia
295 2932 411 2985 Romana,
425 2932 527 2990 explicat
541 2931 632 2978 Bened.
651 2930 717 2987 XIV,
734 2933 770 2977 Dc
785 2933 840 2991 Spa.

51 3062 160 3076 ...ι-

99 3152 125 3197 (i)
150 3154 185 3190 cfr.
201 3154 438 3197 Verm.lu.513;Wernz‚
457 3156 489 3191 III.
502 3158 528 3190 rit.
539 3155 577 3190 XX
587 3155 655 3190 5532.
725 3156 727 3160 ’

98 3214 124 3258 (2)
150 3214 362 3252 Const.-ul·'l1²mandlsn
383 3217 425 3250 lien.
441 3215 694 3256 nivo.6nov.1714;0011
715 3223 727 3249 1,
746 3213 841 3252 Romanos
913 3252 915 3257 ,

47 3270 156 3310 Pontifices
166 3276 227 3308 Leonis
237 3276 286 3318 xiii,
298 3276 308 3310 S
318 3278 355 3310 maii
368 3276 419 3311 1881,
