2091 3569
259 278 260 281 ,
273 235 307 281 Du
319 248 474 291 uxuurrrouu
485 219 645 289 aueunaaruu
821 239 862 279 105

69 367 91 413 vi
104 365 257 426 professionis
273 367 357 413 saltem
375 367 500 427 simplicis,
516 369 567 426 ipse
578 379 634 412 rere
652 368 682 412 sit
700 364 824 426 presbyter
839 368 863 411 et

69 446 256 492 benedictionem
276 445 417 497 abbatialem
438 446 477 501 (de
496 459 543 506 qua
563 446 590 490 iu
610 458 664 491 can.
684 447 737 501 625)
754 443 862 503 legitime

69 526 194 582 acceperit.
213 524 285 571 Extra
302 525 345 570 ires
362 523 458 581 limites,
477 525 603 581 ordinatio,
621 523 747 570 abeodem
765 522 860 577 collata,

47 586 50 593 ’
70 604 180 648 revocato
195 602 300 662 quelibet
310 605 433 650 contrario
448 597 581 663 privilegia,
597 604 632 648 est
645 603 719 655 irrita,
735 602 782 647 nisi
794 600 855 647 ordi⁴

70 692 131 725 nans
150 680 286 727 charactere
304 682 433 744 episcopali
455 683 539 742 polleat
552 682 587 738 lc.
606 687 652 727 964
671 695 694 727 r.
715 683 744 736 ii.
762 679 860 726 Slvere
881 710 882 713 =

68 757 190 817 praedicto
206 758 343 806 charactere
361 763 470 815 ornetur,
489 762 559 806 etiam
577 759 675 805 ordinas
694 759 794 817 majores
809 758 861 803 suis

69 835 172 882 subditis
186 839 207 883 vi
223 824 378 896 professionis
390 838 516 884 sollemnis
528 838 637 884 conferre
649 836 738 891 licebit,
752 840 778 883 nt
790 835 861 882 infcr-

68 917 148 960 tur-ex
159 928 209 962 can.
228 923 279 961 aaa.
292 915 430 982 Concilium
450 916 515 963 frid.
539 918 570 972 (c.
587 923 613 963 ib
624 929 683 961 sess.
708 920 736 961 23
758 915 787 961 de
799 913 860 968 aer.)

70 995 221 1052 praescripsit
235 998 258 1039 rt
270 994 450 1041 «Abbatibus...
466 1008 511 1039 raon
529 993 598 1040 lauant
609 988 769 1053 inposterum
793 995 866 1039 intra'

23 1115 25 1120 .
69 1070 129 1116 lines
147 1072 382 1120 alicuiusdioecesis
405 1074 607 1127 consistentibus,
630 1058 702 1120 etiam
724 1074 744 1118 si
767 1071 860 1127 nullius

68 1149 183 1197 dioecesis
194 1151 231 1197 vel
245 1154 347 1211 exempti
360 1166 413 1199 esse
422 1153 543 1206 dicantur,
553 1154 675 1212 cuiquam,
691 1136 860 1210 quirepaioric

67 1226 174 1275 sabditos
185 1231 230 1277 sibi
241 1244 290 1277 non
302 1232 342 1284 sit,
355 1234 481 1278 tonsuram
494 1231 531 1277 rel
544 1232 649 1277 minores
667 1230 762 1276 ordines
773 1228 860 1274 eonfe-
878 1248 879 1251 ¹

67 1325 129 1359 rre.»
149 1313 291 1361 'Differentia
312 1329 369 1374 erge
392 1328 446 1364 cum
471 1318 552 1362 nostro
570 1318 626 1376 jure
647 1317 695 1361 stat
716 1314 742 1358 iu
757 1328 784 1360 eo
796 1311 859 1373 qrrod

70 1393 193 1449 praeterita
204 1392 354 1451 legislatione
367 1394 535 1440 tantummodo
547 1394 638 1448 illicite,
652 1406 700 1441 non
723 1396 805 1438 tamen
817 1392 858 1437 in—

68 1469 244 1530 valide‚=preuti
259 1471 436 1532 hodierucjure
448 1473 574 1530 contingit,
588 1472 672 1519 collata
689 1474 768 1517 essent
789 1469 856 1516 ordi·
884 1514 885 1517 ,

70 1560 111 1593 nes
130 1550 234 1596 ruinmes
254 1550 290 1596 vel
311 1552 413 1597 tonsura
435 1551 532 1598 adiotis
554 1551 686 1598 Abbatibus
707 1549 878 1608 regularibus

67 1627 119 1672 aliis
132 1630 239 1687 personis
251 1631 344 1688 praeter
355 1629 409 1676 illas
421 1630 467 1675 sibi
480 1629 589 1694 subditas
601 1631 623 1674 vi
637 1628 794 1688 professionis
805 1625 858 1672 reli-

66 1706 154 1762 giosae.
170 1704 234 1762 Quae
245 1708 370 1766 professio.
379 1709 451 1768 ,iuxta
465 1708 652 1754 declarationem
665 1706 689 1753 S.
703 1706 729 1752 G.
743 1705 769 1751 b.
782 1705 806 1752 d.
831 1709 858 1749 14

69 1785 122 1829 maii
137 1790 201 1840 1689,
213 1786 319 1830 colorum
330 1784 477 1831 sollemniora
489 1800 540 1845 esse
554 1778 661 1832 debebat.
681 1787 804 1834 Attamen,
817 1783 857 1827 in-

66 1862 175 1908 troducta
187 1876 199 1908 a
212 1863 251 1910 Pio
265 1864 299 1911 lX
309 1864 455 1923 professione
464 1864 580 1912 triennali
590 1868 700 1911 veterum
711 1862 857 1922 simplicium

67 1946 123 1986 ante
145 1941 284 1988 sollemnem
307 1943 490 2002 professionem,
514 1944 678 1996 eonrmuuiter
701 1939 858 2001 reputabatur

66 2018 190 2066 sufficiens
202 2020 316 2080 professio
326 2021 366 2068 illa
388 2023 489 2080 simplex
500 2023 528 2068 ad
538 2023 616 2068 licitae
638 2020 797 2067 ordinationis
819 2019 856 2065 ef-

65 2096 163 2150 fectum,
178 2112 289 2158 cumper
310 2103 388 2160 ipsam
411 2099 524 2147 monaehi
546 2100 628 2145 fierent
641 2111 696 2145 rere
718 2102 741 2149 et
763 2099 856 2158 proprie

64 2174 153 2221 subditi
165 2180 201 2224 sui
215 2177 323 2225 Abbatis.
337 2178 385 2225 Gir:
401 2179 480 2225 Piatus
493 2184 511 2224 t.
528 2179 556 2225 ll.
572 2179 596 2224 Ρ.
610 2186 631 2229 5.
645 2192 666 2224 c.
680 2178 698 2229 I,
712 2176 738 2234 Q.
766 2183 810 2223 212
832 2190 855 2223 n.

65 2260 101 2305 23,
117 2256 148 2311 (i)
167 2256 229 2302 Haec
250 2261 373 2304 sententia
397 2270 463 2304 rinno
478 2257 643 2311 confirmatur,
665 2259 691 2303 ut
705 2256 817 2309 vidimus,
830 2257 856 2301 in

65 2346 117 2379 carr.
134 2340 185 2381 964.
473 2389 477 2397 Ι
872 2324 874 2328 ’

154 2413 267 2460 facultas
286 2415 424 2462 conferendi
448 2416 490 2461 bes
517 2416 614 2462 ordines
636 2417 698 2461 inest
721 2412 856 2461 Abbatibus
877 2471 879 2474 .

26 2539 28 2543 ,
65 2492 217 2550 regularibus
236 2493 264 2538 de
284 2495 410 2552 regimine,
434 2508 481 2541 non
501 2508 555 2541 vero
572 2484 706 2541 Abbatibu's
718 2491 856 2539 titularibus

65 2572 106 2628 qui
120 2570 180 2616 nulii
194 2574 336 2618 ureirasterio
349 2577 457 2632 exempto
466 2572 663 2631 aJurisdictiope
676 2570 797 2630 Episcopi,
810 2570 856 2616 etsi

31 2662 40 2669 ·’
65 2651 116 2696 sine
134 2652 253 2696 territorio
274 2651 373 2704 nullius,
396 2653 516 2710 praesunt.
538 2651 573 2698 Ad
591 2633 744 2698 bancautem
756 2649 855 2696 faculta-

65 2721 114 2774 tem
126 2730 284 2775 exercendam
296 2732 370 2788 erigit
383 2731 463 2795 Codex
474 2734 500 2777 ut
513 2731 620 2788 legitime
631 2731 767 2788 acceperint
780 2729 856 2774 bene·

64 2807 195 2853 dictionem
213 2808 364 2854 abbatialem
386 2823 444 2868 quac
458 2811 538 2855 tamen
550 2807 685 2854 benedictio
699 2819 747 2853 non
759 2802 853 2852 confert
876 2837 877 2842 ,

62 2884 314 2945 illisjmisdictionem
327 2888 350 2932 in
364 2890 472 2946 proprios
483 2886 600 2941 subditus,
614 2899 686 2945 quam
699 2885 791 2943 abipsa
810 2896 854 2928 sua
874 2933 877 2938 ff

63 2958 180 3009 electione
189 2965 240 3023 jam
259 2952 377 3018 abtincnt;
392 2967 521 3025 requiritur
540 2964 701 3012 nihilominus
721 2965 747 3010 ut
759 2961 855 3022 privile·

108 3112 134 3158 (l)
162 3116 254 3159 Disciplina
273 3127 310 3149 reru
326 3115 381 3160 qiroad
397 3114 483 3151 illibatas
499 3114 575 3151 nulllus
591 3116 679 3149 maximam
696 3115 712 3146 iu
724 3115 854 3155 novojureuc-

62 3176 107 3219 cepit
123 3176 240 3216 runtraiauem,
257 3183 276 3208 nt
291 3170 338 3209 facile
354 3183 399 3219 patet
419 3187 438 3208 ex
452 3176 541 3209 <inflatione
555 3176 625 3219 praefati
640 3181 696 3207 textus
709 3173 805 3206 Tridentini
816 3184 853 3205 caru

63 3238 166 3281 praescripto
184 3249 222 3269 eun,
240 3236 280 3270 957.
