<?xml version="1.0" encoding="UTF-8"?>
<!DOCTYPE html PUBLIC "-//W3C//DTD XHTML 1.0 Transitional//EN"
    "http://www.w3.org/TR/xhtml1/DTD/xhtml1-transitional.dtd">
<html xmlns="http://www.w3.org/1999/xhtml" xml:lang="en" lang="en">
 <head>
  <title>
</title>
<meta http-equiv="Content-Type" content="text/html;charset=utf-8" />
  <meta name='ocr-system' content='tesseract 3.04.00' />
  <meta name='ocr-capabilities' content='ocr_page ocr_carea ocr_par ocr_line ocrx_word'/>
</head>
<body>
  <div class='ocr_page' id='page_1' title='image "./MN42035ucmf_2_0095.png"; bbox 0 0 2091 3569; ppageno 0'>
   <div class='ocr_carea' id='block_1_1' title="bbox 287 241 880 315">
    <p class='ocr_par' dir='ltr' id='par_1_1' title="bbox 287 241 880 315">
     <span class='ocr_line' id='line_1_1' title="bbox 287 241 880 315; baseline -0.008 -11"><span class='ocrx_word' id='word_1_1' title='bbox 287 258 324 304; x_wconf 81' lang='lat' dir='ltr'><strong>DE·</strong></span> <span class='ocrx_word' id='word_1_2' title='bbox 333 269 483 315; x_wconf 76' lang='lat' dir='ltr'><strong>EXENPTIONE</strong></span> <span class='ocrx_word' id='word_1_3' title='bbox 495 241 656 310; x_wconf 72' lang='lat' dir='ltr'><strong>anduennium</strong></span> <span class='ocrx_word' id='word_1_4' title='bbox 838 261 866 300; x_wconf 79' lang='grc'><strong>67</strong></span> <span class='ocrx_word' id='word_1_5' title='bbox 878 287 880 296; x_wconf 50' lang='lat'>1</span> 
     </span>
    </p>
   </div>
   <div class='ocr_carea' id='block_1_2' title="bbox 71 387 915 1961">
    <p class='ocr_par' dir='ltr' id='par_1_2' title="bbox 71 387 915 1629">
     <span class='ocr_line' id='line_1_2' title="bbox 72 387 867 450; baseline -0.005 -12"><span class='ocrx_word' id='word_1_6' title='bbox 72 391 177 450; x_wconf 87' lang='lat' dir='ltr'><strong>collegii,</strong></span> <span class='ocrx_word' id='word_1_7' title='bbox 190 390 409 442; x_wconf 86' lang='lat' dir='ltr'><strong>auditoOrdinario</strong></span> <span class='ocrx_word' id='word_1_8' title='bbox 421 390 475 444; x_wconf 89' lang='lat' dir='ltr'><strong>loci,</strong></span> <span class='ocrx_word' id='word_1_9' title='bbox 488 392 530 446; x_wconf 83' lang='lat' dir='ltr'><strong>apt</strong></span> <span class='ocrx_word' id='word_1_10' title='bbox 542 403 554 435; x_wconf 89' lang='lat' dir='ltr'><strong>a</strong></span> <span class='ocrx_word' id='word_1_11' title='bbox 568 389 658 447; x_wconf 84' lang='lat' dir='ltr'><strong>majore</strong></span> <span class='ocrx_word' id='word_1_12' title='bbox 679 389 801 449; x_wconf 80' lang='lat' dir='ltr'><strong>religionis</strong></span> <span class='ocrx_word' id='word_1_13' title='bbox 820 387 867 435; x_wconf 86' lang='lat' dir='ltr'><strong>Su-</strong></span> 
     </span>
     <span class='ocr_line' id='line_1_3' title="bbox 75 467 915 530; baseline -0.002 -16"><span class='ocrx_word' id='word_1_14' title='bbox 75 470 183 530; x_wconf 83' lang='lat' dir='ltr'><strong>periore»</strong></span> <span class='ocrx_word' id='word_1_15' title='bbox 194 468 251 529; x_wconf 92' lang='lat' dir='ltr'><strong>(par.</strong></span> <span class='ocrx_word' id='word_1_16' title='bbox 265 470 320 528; x_wconf 69' lang='lat' dir='ltr'><strong>tej,</strong></span> <span class='ocrx_word' id='word_1_17' title='bbox 334 471 400 525; x_wconf 82' lang='lat' dir='ltr'><strong>can.)</strong></span> <span class='ocrx_word' id='word_1_18' title='bbox 417 467 650 516; x_wconf 85' lang='lat' dir='ltr'><strong>Praeterealieitum</strong></span> <span class='ocrx_word' id='word_1_19' title='bbox 664 481 711 515; x_wconf 89' lang='lat' dir='ltr'><strong>non</strong></span> <span class='ocrx_word' id='word_1_20' title='bbox 728 469 764 514; x_wconf 87' lang='lat' dir='ltr'><strong>est</strong></span> <span class='ocrx_word' id='word_1_21' title='bbox 777 467 881 522; x_wconf 50' lang='lat' dir='ltr'><strong>admits</strong></span> <span class='ocrx_word' id='word_1_22' title='bbox 914 479 915 482; x_wconf 71' lang='grc'>’</span> 
     </span>
     <span class='ocr_line' id='line_1_4' title="bbox 74 547 873 607; baseline -0.004 -12"><span class='ocrx_word' id='word_1_23' title='bbox 74 553 127 595; x_wconf 87' lang='lat' dir='ltr'><strong>tere</strong></span> <span class='ocrx_word' id='word_1_24' title='bbox 135 552 161 595; x_wconf 93' lang='lat' dir='ltr'><strong>in</strong></span> <span class='ocrx_word' id='word_1_25' title='bbox 171 548 311 607; x_wconf 77' lang='lat' dir='ltr'><strong>religionem</strong></span> <span class='ocrx_word' id='word_1_26' title='bbox 320 549 434 595; x_wconf 88' lang='lat' dir='ltr'><strong>clericum</strong></span> <span class='ocrx_word' id='word_1_27' title='bbox 442 550 465 595; x_wconf 93' lang='lat' dir='ltr'><strong>in</strong></span> <span class='ocrx_word' id='word_1_28' title='bbox 474 547 873 601; x_wconf 85' lang='lat' dir='ltr'><strong>sacrisconstitutnm.inconsulto</strong></span> 
     </span>
     <span class='ocr_line' id='line_1_5' title="bbox 73 624 871 686; baseline -0.003 -13"><span class='ocrx_word' id='word_1_29' title='bbox 73 631 117 673; x_wconf 88' lang='lat' dir='ltr'><strong>aut</strong></span> <span class='ocrx_word' id='word_1_30' title='bbox 130 628 197 686; x_wconf 78' lang='lat' dir='ltr'><strong>parete</strong></span> <span class='ocrx_word' id='word_1_31' title='bbox 216 624 386 678; x_wconf 64' lang='lat' dir='ltr'><strong>contradicente</strong></span> <span class='ocrx_word' id='word_1_32' title='bbox 404 641 447 674; x_wconf 90' lang='lat' dir='ltr'><strong>suo</strong></span> <span class='ocrx_word' id='word_1_33' title='bbox 469 626 596 674; x_wconf 86' lang='lat' dir='ltr'><strong>Ordinar-io</strong></span> <span class='ocrx_word' id='word_1_34' title='bbox 616 627 645 676; x_wconf 86' lang='lat' dir='ltr'><strong>lo.</strong></span> <span class='ocrx_word' id='word_1_35' title='bbox 660 632 702 673; x_wconf 78' lang='grc'><strong>542</strong></span> <span class='ocrx_word' id='word_1_36' title='bbox 714 641 737 673; x_wconf 89' lang='lat' dir='ltr'><strong>n.</strong></span> <span class='ocrx_word' id='word_1_37' title='bbox 751 629 783 683; x_wconf 75' lang='lat'><strong>2),</strong></span> <span class='ocrx_word' id='word_1_38' title='bbox 800 640 829 672; x_wconf 82' lang='lat' dir='ltr'><strong>ox</strong></span> <span class='ocrx_word' id='word_1_39' title='bbox 841 639 871 671; x_wconf 90' lang='lat' dir='ltr'><strong>eo</strong></span> 
     </span>
     <span class='ocr_line' id='line_1_6' title="bbox 75 699 868 765; baseline -0.001 -14"><span class='ocrx_word' id='word_1_40' title='bbox 75 719 161 765; x_wconf 81' lang='lat' dir='ltr'><strong>nempe</strong></span> <span class='ocrx_word' id='word_1_41' title='bbox 171 705 235 765; x_wconf 91' lang='lat' dir='ltr'><strong>quod</strong></span> <span class='ocrx_word' id='word_1_42' title='bbox 244 706 264 763; x_wconf 84' lang='lat' dir='ltr'><strong>ej</strong></span> <span class='ocrx_word' id='word_1_43' title='bbox 270 718 298 751; x_wconf 93' lang='lat' dir='ltr'><strong>us</strong></span> <span class='ocrx_word' id='word_1_44' title='bbox 306 704 427 752; x_wconf 78' lang='lat' dir='ltr'><strong>discessus</strong></span> <span class='ocrx_word' id='word_1_45' title='bbox 436 707 459 751; x_wconf 93' lang='lat' dir='ltr'><strong>in</strong></span> <span class='ocrx_word' id='word_1_46' title='bbox 470 719 542 764; x_wconf 80' lang='lat' dir='ltr'><strong>grave</strong></span> <span class='ocrx_word' id='word_1_47' title='bbox 551 707 686 752; x_wconf 88' lang='lat' dir='ltr'><strong>animarum</strong></span> <span class='ocrx_word' id='word_1_48' title='bbox 693 699 868 752; x_wconf 71' lang='lat' dir='ltr'><strong>detrimentum</strong></span> 
     </span>
     <span class='ocr_line' id='line_1_7' title="bbox 73 770 873 844; baseline -0.001 -13"><span class='ocrx_word' id='word_1_49' title='bbox 73 784 151 839; x_wconf 81' lang='lat' dir='ltr'><strong>cedet,</strong></span> <span class='ocrx_word' id='word_1_50' title='bbox 166 784 229 844; x_wconf 90' lang='lat' dir='ltr'><strong>quod</strong></span> <span class='ocrx_word' id='word_1_51' title='bbox 241 784 309 831; x_wconf 86' lang='lat' dir='ltr'><strong>aliter</strong></span> <span class='ocrx_word' id='word_1_52' title='bbox 321 785 390 831; x_wconf 85' lang='lat' dir='ltr'><strong>vitari</strong></span> <span class='ocrx_word' id='word_1_53' title='bbox 403 786 500 831; x_wconf 85' lang='lat' dir='ltr'><strong>minime</strong></span> <span class='ocrx_word' id='word_1_54' title='bbox 512 786 600 844; x_wconf 69' lang='lat' dir='ltr'><strong>possit,</strong></span> <span class='ocrx_word' id='word_1_55' title='bbox 613 770 767 829; x_wconf 85' lang='lat' dir='ltr'><strong>Postremum</strong></span> <span class='ocrx_word' id='word_1_56' title='bbox 777 784 820 830; x_wconf 89' lang='lat' dir='ltr'><strong>hoo</strong></span> <span class='ocrx_word' id='word_1_57' title='bbox 828 783 873 842; x_wconf 66' lang='lat' dir='ltr'><strong>ju-</strong></span> 
     </span>
     <span class='ocr_line' id='line_1_8' title="bbox 74 848 868 922; baseline -0.003 -13"><span class='ocrx_word' id='word_1_58' title='bbox 74 866 108 910; x_wconf 89' lang='lat' dir='ltr'><strong>ris</strong></span> <span class='ocrx_word' id='word_1_59' title='bbox 117 860 231 922; x_wconf 84' lang='lat' dir='ltr'><strong>placitum</strong></span> <span class='ocrx_word' id='word_1_60' title='bbox 243 875 328 922; x_wconf 83' lang='lat' dir='ltr'><strong>magna</strong></span> <span class='ocrx_word' id='word_1_61' title='bbox 337 866 366 916; x_wconf 76' lang='lat' dir='ltr'><strong>ser</strong></span> <span class='ocrx_word' id='word_1_62' title='bbox 374 863 585 922; x_wconf 85' lang='lat' dir='ltr'><strong>partenovumest.</strong></span> <span class='ocrx_word' id='word_1_63' title='bbox 596 862 726 909; x_wconf 87' lang='lat' dir='ltr'><strong>Praeterito</strong></span> <span class='ocrx_word' id='word_1_64' title='bbox 736 864 801 908; x_wconf 89' lang='lat' dir='ltr'><strong>euim</strong></span> <span class='ocrx_word' id='word_1_65' title='bbox 812 848 868 921; x_wconf 78' lang='lat' dir='ltr'><strong>jure</strong></span> 
     </span>
     <span class='ocr_line' id='line_1_9' title="bbox 74 940 867 1002; baseline -0.004 -14"><span class='ocrx_word' id='word_1_66' title='bbox 74 941 222 1002; x_wconf 80' lang='lat' dir='ltr'><strong>probabilius</strong></span> <span class='ocrx_word' id='word_1_67' title='bbox 234 954 264 987; x_wconf 88' lang='lat' dir='ltr'><strong>ne</strong></span> <span class='ocrx_word' id='word_1_68' title='bbox 275 942 378 1001; x_wconf 85' lang='lat' dir='ltr'><strong>petenda</strong></span> <span class='ocrx_word' id='word_1_69' title='bbox 389 940 484 1000; x_wconf 91' lang='lat' dir='ltr'><strong>quidem</strong></span> <span class='ocrx_word' id='word_1_70' title='bbox 496 945 545 988; x_wconf 85' lang='lat' dir='ltr'><strong>erat</strong></span> <span class='ocrx_word' id='word_1_71' title='bbox 556 941 629 986; x_wconf 87' lang='lat' dir='ltr'><strong>venia</strong></span> <span class='ocrx_word' id='word_1_72' title='bbox 645 941 756 1001; x_wconf 78' lang='lat' dir='ltr'><strong>Episcopi</strong></span> <span class='ocrx_word' id='word_1_73' title='bbox 769 953 781 985; x_wconf 92' lang='lat' dir='ltr'><strong>a</strong></span> <span class='ocrx_word' id='word_1_74' title='bbox 793 941 867 987; x_wconf 88' lang='lat' dir='ltr'><strong>cleri-</strong></span> 
     </span>
     <span class='ocr_line' id='line_1_10' title="bbox 73 1019 878 1079; baseline -0.002 -13"><span class='ocrx_word' id='word_1_75' title='bbox 73 1022 109 1066; x_wconf 88' lang='lat' dir='ltr'><strong>cis</strong></span> <span class='ocrx_word' id='word_1_76' title='bbox 122 1020 262 1079; x_wconf 80' lang='lat' dir='ltr'><strong>religionem</strong></span> <span class='ocrx_word' id='word_1_77' title='bbox 275 1020 369 1078; x_wconf 84' lang='lat' dir='ltr'><strong>ingredi</strong></span> <span class='ocrx_word' id='word_1_78' title='bbox 383 1019 546 1078; x_wconf 87' lang='lat' dir='ltr'><strong>oupientibus,</strong></span> <span class='ocrx_word' id='word_1_79' title='bbox 561 1019 697 1079; x_wconf 74' lang='lat' dir='ltr'><strong>Episcopus</strong></span> <span class='ocrx_word' id='word_1_80' title='bbox 708 1033 764 1067; x_wconf 86' lang='lat' dir='ltr'><strong>vero</strong></span> <span class='ocrx_word' id='word_1_81' title='bbox 773 1021 878 1067; x_wconf 66' lang='lat' dir='ltr'><strong>veniam,-</strong></span> 
     </span>
     <span class='ocr_line' id='line_1_11' title="bbox 71 1096 890 1158; baseline -0.001 -13"><span class='ocrx_word' id='word_1_82' title='bbox 71 1100 191 1157; x_wconf 84' lang='lat' dir='ltr'><strong>denegare</strong></span> <span class='ocrx_word' id='word_1_83' title='bbox 212 1112 261 1144; x_wconf 89' lang='lat' dir='ltr'><strong>non</strong></span> <span class='ocrx_word' id='word_1_84' title='bbox 281 1098 365 1158; x_wconf 88' lang='lat' dir='ltr'><strong>potuit.</strong></span> <span class='ocrx_word' id='word_1_85' title='bbox 387 1096 528 1145; x_wconf 59' lang='lat' dir='ltr'><strong>[liriderm.</strong></span> <span class='ocrx_word' id='word_1_86' title='bbox 543 1098 561 1151; x_wconf 88' lang='lat' dir='ltr'><strong>l,</strong></span> <span class='ocrx_word' id='word_1_87' title='bbox 576 1111 600 1143; x_wconf 93' lang='lat' dir='ltr'><strong>n.</strong></span> <span class='ocrx_word' id='word_1_88' title='bbox 615 1103 667 1153; x_wconf 64' lang='lat'><strong>,1353</strong></span> <span class='ocrx_word' id='word_1_89' title='bbox 682 1098 830 1149; x_wconf 61' lang='lat' dir='ltr'><strong>Elem-Elin.</strong></span> <span class='ocrx_word' id='word_1_90' title='bbox 844 1111 867 1157; x_wconf 76' lang='lat' dir='ltr'><strong>p,</strong></span> <span class='ocrx_word' id='word_1_91' title='bbox 888 1108 890 1112; x_wconf 81' lang='grc'>’</span> 
     </span>
     <span class='ocr_line' id='line_1_12' title="bbox 75 1176 871 1236; baseline -0.001 -13"><span class='ocrx_word' id='word_1_92' title='bbox 75 1181 125 1223; x_wconf 71' lang='lat'>119.</span> <span class='ocrx_word' id='word_1_93' title='bbox 139 1176 162 1223; x_wconf 84' lang='lat' dir='ltr'><strong>Si</strong></span> <span class='ocrx_word' id='word_1_94' title='bbox 176 1180 255 1231; x_wconf 85' lang='lat' dir='ltr'><strong>tamen</strong></span> <span class='ocrx_word' id='word_1_95' title='bbox 267 1177 370 1223; x_wconf 84' lang='lat' dir='ltr'><strong>clericus</strong></span> <span class='ocrx_word' id='word_1_96' title='bbox 383 1180 433 1223; x_wconf 87' lang='lat' dir='ltr'><strong>erat</strong></span> <span class='ocrx_word' id='word_1_97' title='bbox 445 1176 603 1226; x_wconf 80' lang='lat' dir='ltr'><strong>beneficiatus</strong></span> <span class='ocrx_word' id='word_1_98' title='bbox 615 1178 653 1223; x_wconf 88' lang='lat' dir='ltr'><strong>vel</strong></span> <span class='ocrx_word' id='word_1_99' title='bbox 670 1177 728 1223; x_wconf 89' lang='lat' dir='ltr'><strong>adeo</strong></span> <span class='ocrx_word' id='word_1_100' title='bbox 737 1176 871 1236; x_wconf 66' lang='lat' dir='ltr'><strong>parochusv</strong></span> 
     </span>
     <span class='ocr_line' id='line_1_13' title="bbox 74 1254 867 1315; baseline -0.001 -13"><span class='ocrx_word' id='word_1_101' title='bbox 74 1268 172 1302; x_wconf 77' lang='lat' dir='ltr'><strong>monere</strong></span> <span class='ocrx_word' id='word_1_102' title='bbox 185 1254 286 1301; x_wconf 86' lang='lat' dir='ltr'><strong>debebat</strong></span> <span class='ocrx_word' id='word_1_103' title='bbox 299 1255 451 1315; x_wconf 76' lang='lat' dir='ltr'><strong>Episcopum,</strong></span> <span class='ocrx_word' id='word_1_104' title='bbox 465 1256 491 1300; x_wconf 92' lang='lat' dir='ltr'><strong>ut</strong></span> <span class='ocrx_word' id='word_1_105' title='bbox 505 1255 639 1314; x_wconf 86' lang='lat' dir='ltr'><strong>provideret</strong></span> <span class='ocrx_word' id='word_1_106' title='bbox 657 1255 795 1310; x_wconf 51' lang='lat' dir='ltr'><strong>,benefioios</strong></span> <span class='ocrx_word' id='word_1_107' title='bbox 806 1268 867 1301; x_wconf 87' lang='lat' dir='ltr'><strong>con-</strong></span> 
     </span>
     <span class='ocr_line' id='line_1_14' title="bbox 73 1329 866 1394; baseline 0 -15"><span class='ocrx_word' id='word_1_108' title='bbox 73 1333 138 1379; x_wconf 90' lang='lat' dir='ltr'><strong>cedit</strong></span> <span class='ocrx_word' id='word_1_109' title='bbox 151 1335 250 1394; x_wconf 89' lang='lat' dir='ltr'><strong>insuper</strong></span> <span class='ocrx_word' id='word_1_110' title='bbox 261 1333 319 1380; x_wconf 89' lang='lat' dir='ltr'><strong>Ben.</strong></span> <span class='ocrx_word' id='word_1_111' title='bbox 333 1332 389 1380; x_wconf 86' lang='lat' dir='ltr'><strong>XIV</strong></span> <span class='ocrx_word' id='word_1_112' title='bbox 401 1333 447 1379; x_wconf 85' lang='lat' dir='ltr'><strong>litt.</strong></span> <span class='ocrx_word' id='word_1_113' title='bbox 460 1335 499 1379; x_wconf 81' lang='lat' dir='ltr'><strong>Ea</strong></span> <span class='ocrx_word' id='word_1_114' title='bbox 509 1329 676 1394; x_wconf 77' lang='lat' dir='ltr'><strong>pao-dilacione,</strong></span> <span class='ocrx_word' id='word_1_115' title='bbox 686 1340 718 1385; x_wconf 64' lang='lat'><strong>,14</strong></span> <span class='ocrx_word' id='word_1_116' title='bbox 730 1334 786 1380; x_wconf 79' lang='lat' dir='ltr'><strong>dan.</strong></span> <span class='ocrx_word' id='word_1_117' title='bbox 801 1339 866 1388; x_wconf 81' lang='lat'><strong>1747,</strong></span> 
     </span>
     <span class='ocr_line' id='line_1_15' title="bbox 73 1411 867 1472; baseline 0.003 -15"><span class='ocrx_word' id='word_1_118' title='bbox 73 1414 100 1464; x_wconf 91' lang='lat' dir='ltr'><strong>ut</strong></span> <span class='ocrx_word' id='word_1_119' title='bbox 121 1413 150 1458; x_wconf 84' lang='lat' dir='ltr'><strong>ab</strong></span> <span class='ocrx_word' id='word_1_120' title='bbox 172 1413 289 1472; x_wconf 83' lang='lat' dir='ltr'><strong>Episcopo</strong></span> <span class='ocrx_word' id='word_1_121' title='bbox 309 1413 414 1460; x_wconf 86' lang='lat' dir='ltr'><strong>revocari</strong></span> <span class='ocrx_word' id='word_1_122' title='bbox 435 1415 513 1472; x_wconf 84' lang='lat' dir='ltr'><strong>posset</strong></span> <span class='ocrx_word' id='word_1_123' title='bbox 528 1411 637 1459; x_wconf 66' lang='lat' dir='ltr'><strong>,clericus</strong></span> <span class='ocrx_word' id='word_1_124' title='bbox 658 1412 814 1470; x_wconf 84' lang='lat' dir='ltr'><strong>beneficiatus</strong></span> <span class='ocrx_word' id='word_1_125' title='bbox 826 1414 867 1471; x_wconf 93' lang='lat' dir='ltr'><strong>qui</strong></span> 
     </span>
     <span class='ocr_line' id='line_1_16' title="bbox 74 1476 868 1549; baseline -0.001 -13"><span class='ocrx_word' id='word_1_126' title='bbox 74 1492 126 1549; x_wconf 91' lang='lat' dir='ltr'><strong>ipso</strong></span> <span class='ocrx_word' id='word_1_127' title='bbox 145 1492 223 1537; x_wconf 91' lang='lat' dir='ltr'><strong>invito</strong></span> <span class='ocrx_word' id='word_1_128' title='bbox 242 1491 387 1546; x_wconf 83' lang='lat' dir='ltr'><strong>discesserit,</strong></span> <span class='ocrx_word' id='word_1_129' title='bbox 410 1490 540 1544; x_wconf 86' lang='lat' dir='ltr'><strong>dummodo</strong></span> <span class='ocrx_word' id='word_1_130' title='bbox 553 1504 581 1537; x_wconf 82' lang='lat' dir='ltr'><strong>ex</strong></span> <span class='ocrx_word' id='word_1_131' title='bbox 593 1476 868 1549; x_wconf 74' lang='lat' dir='ltr'><strong>illiusdiscessugrave</strong></span> 
     </span>
     <span class='ocr_line' id='line_1_17' title="bbox 73 1568 807 1625; baseline -0.001 -10"><span class='ocrx_word' id='word_1_132' title='bbox 73 1568 194 1616; x_wconf 88' lang='lat' dir='ltr'><strong>Ecclesiae</strong></span> <span class='ocrx_word' id='word_1_133' title='bbox 206 1570 380 1616; x_wconf 87' lang='lat' dir='ltr'><strong>detrimentum</strong></span> <span class='ocrx_word' id='word_1_134' title='bbox 392 1569 525 1616; x_wconf 80' lang='lat' dir='ltr'><strong>obveniret.</strong></span> <span class='ocrx_word' id='word_1_135' title='bbox 537 1595 544 1606; x_wconf 65' lang='grc'>»</span> <span class='ocrx_word' id='word_1_136' title='bbox 568 1609 570 1613; x_wconf 94' lang='lat'>.</span> <span class='ocrx_word' id='word_1_137' title='bbox 805 1621 807 1625; x_wconf 16' lang='lat' dir='ltr'>y</span> 
     </span>
    </p>

    <p class='ocr_par' dir='ltr' id='par_1_3' title="bbox 74 1647 907 1794">
     <span class='ocr_line' id='line_1_18' title="bbox 166 1647 907 1720; baseline 0 -18"><span class='ocrx_word' id='word_1_138' title='bbox 166 1656 200 1702; x_wconf 78' lang='lat' dir='ltr'><strong>lie</strong></span> <span class='ocrx_word' id='word_1_139' title='bbox 212 1659 323 1703; x_wconf 80' lang='lat' dir='ltr'><strong>exaniine</strong></span> <span class='ocrx_word' id='word_1_140' title='bbox 334 1653 465 1715; x_wconf 81' lang='lat' dir='ltr'><strong>puellarum</strong></span> <span class='ocrx_word' id='word_1_141' title='bbox 477 1660 533 1702; x_wconf 85' lang='lat' dir='ltr'><strong>ante</strong></span> <span class='ocrx_word' id='word_1_142' title='bbox 547 1655 645 1703; x_wconf 86' lang='lat' dir='ltr'><strong>habitus</strong></span> <span class='ocrx_word' id='word_1_143' title='bbox 655 1658 835 1720; x_wconf 76' lang='lat' dir='ltr'><strong>susceptionem</strong></span> <span class='ocrx_word' id='word_1_144' title='bbox 844 1659 868 1702; x_wconf 89' lang='lat' dir='ltr'><strong>et</strong></span> <span class='ocrx_word' id='word_1_145' title='bbox 905 1647 907 1653; x_wconf 61' lang='grc'>’</span> 
     </span>
     <span class='ocr_line' id='line_1_19' title="bbox 74 1719 674 1794; baseline 0.003 -14"><span class='ocrx_word' id='word_1_146' title='bbox 74 1735 245 1794; x_wconf 80' lang='lat' dir='ltr'><strong>professionem</strong></span> <span class='ocrx_word' id='word_1_147' title='bbox 259 1729 336 1786; x_wconf 87' lang='lat' dir='ltr'><strong>sermo</strong></span> <span class='ocrx_word' id='word_1_148' title='bbox 348 1719 391 1780; x_wconf 86' lang='lat' dir='ltr'><strong>erit</strong></span> <span class='ocrx_word' id='word_1_149' title='bbox 404 1736 428 1781; x_wconf 91' lang='lat' dir='ltr'><strong>in</strong></span> <span class='ocrx_word' id='word_1_150' title='bbox 442 1736 549 1794; x_wconf 82' lang='lat' dir='ltr'><strong>sequenti</strong></span> <span class='ocrx_word' id='word_1_151' title='bbox 562 1736 674 1782; x_wconf 88' lang='lat' dir='ltr'><strong>articulo.</strong></span> 
     </span>
    </p>

    <p class='ocr_par' dir='ltr' id='par_1_4' title="bbox 73 1821 871 1961">
     <span class='ocr_line' id='line_1_20' title="bbox 164 1821 867 1879; baseline -0.003 -11"><span class='ocrx_word' id='word_1_152' title='bbox 164 1821 218 1869; x_wconf 86' lang='lat' dir='ltr'><strong>Vll.</strong></span> <span class='ocrx_word' id='word_1_153' title='bbox 252 1823 287 1869; x_wconf 85' lang='lat' dir='ltr'><strong>Da</strong></span> <span class='ocrx_word' id='word_1_154' title='bbox 297 1835 367 1869; x_wconf 51' lang='lat' dir='ltr'><strong>¹eorus</strong></span> <span class='ocrx_word' id='word_1_155' title='bbox 379 1835 536 1869; x_wconf 62' lang='lat' dir='ltr'><strong>uorrrroarru‘.</strong></span> <span class='ocrx_word' id='word_1_156' title='bbox 552 1830 572 1878; x_wconf 84' lang='lat' dir='ltr'><strong>i,</strong></span> <span class='ocrx_word' id='word_1_157' title='bbox 606 1821 689 1879; x_wconf 77' lang='lat' dir='ltr'><strong>Quoad</strong></span> <span class='ocrx_word' id='word_1_158' title='bbox 701 1824 867 1869; x_wconf 87' lang='lat' dir='ltr'><strong>renuntiatio-</strong></span> 
     </span>
     <span class='ocr_line' id='line_1_21' title="bbox 73 1900 871 1961; baseline 0.003 -16"><span class='ocrx_word' id='word_1_159' title='bbox 73 1913 130 1946; x_wconf 88' lang='lat' dir='ltr'><strong>nem</strong></span> <span class='ocrx_word' id='word_1_160' title='bbox 151 1900 269 1947; x_wconf 87' lang='lat' dir='ltr'><strong>bounrum</strong></span> <span class='ocrx_word' id='word_1_161' title='bbox 290 1901 463 1960; x_wconf 82' lang='lat' dir='ltr'><strong>temporalium,</strong></span> <span class='ocrx_word' id='word_1_162' title='bbox 484 1915 542 1961; x_wconf 89' lang='lat' dir='ltr'><strong>qnae</strong></span> <span class='ocrx_word' id='word_1_163' title='bbox 559 1904 627 1960; x_wconf 79' lang='lat' dir='ltr'><strong>iuxta</strong></span> <span class='ocrx_word' id='word_1_164' title='bbox 641 1902 750 1948; x_wconf 76' lang='lat' dir='ltr'><strong>Trident.</strong></span> <span class='ocrx_word' id='word_1_165' title='bbox 764 1915 823 1947; x_wconf 86' lang='lat' dir='ltr'><strong>sess.</strong></span> <span class='ocrx_word' id='word_1_166' title='bbox 837 1904 871 1947; x_wconf 80' lang='grc'><strong>25</strong></span> 
     </span>
    </p>
   </div>
   <div class='ocr_carea' id='block_1_3' title="bbox 73 1978 865 2127">
    <p class='ocr_par' dir='ltr' id='par_1_5' title="bbox 73 1978 865 2127">
     <span class='ocr_line' id='line_1_22' title="bbox 73 1978 863 2039; baseline 0.001 -15"><span class='ocrx_word' id='word_1_167' title='bbox 73 1993 96 2025; x_wconf 90' lang='lat' dir='ltr'><strong>c.</strong></span> <span class='ocrx_word' id='word_1_168' title='bbox 112 1984 173 2026; x_wconf 79' lang='lat' dir='ltr'><strong>laet</strong></span> <span class='ocrx_word' id='word_1_169' title='bbox 188 1980 398 2039; x_wconf 64' lang='lat' dir='ltr'><strong>Decr·.S‚C;sup.</strong></span> <span class='ocrx_word' id='word_1_170' title='bbox 413 1978 552 2039; x_wconf 75' lang='lat' dir='ltr'><strong>St.lieg.‚1</strong></span> <span class='ocrx_word' id='word_1_171' title='bbox 576 1983 640 2039; x_wconf 81' lang='lat' dir='ltr'><strong>Arrg.</strong></span> <span class='ocrx_word' id='word_1_172' title='bbox 665 1986 721 2026; x_wconf 80' lang='lat'>1862</span> <span class='ocrx_word' id='word_1_173' title='bbox 740 1994 777 2039; x_wconf 87' lang='lat' dir='ltr'><strong>ap.</strong></span> <span class='ocrx_word' id='word_1_174' title='bbox 802 1980 863 2026; x_wconf 80' lang='lat' dir='ltr'><strong>Bina.</strong></span> 
     </span>
     <span class='ocr_line' id='line_1_23' title="bbox 73 2058 865 2127; baseline 0.003 -25"><span class='ocrx_word' id='word_1_175' title='bbox 73 2071 95 2116; x_wconf 88' lang='lat' dir='ltr'><strong>p.</strong></span> <span class='ocrx_word' id='word_1_176' title='bbox 109 2064 161 2112; x_wconf 81' lang='grc'><strong>865,</strong></span> <span class='ocrx_word' id='word_1_177' title='bbox 175 2062 198 2102; x_wconf 90' lang='lat' dir='ltr'><strong>et</strong></span> <span class='ocrx_word' id='word_1_178' title='bbox 211 2058 308 2104; x_wconf 86' lang='lat' dir='ltr'><strong>tandem</strong></span> <span class='ocrx_word' id='word_1_179' title='bbox 322 2071 361 2117; x_wconf 92' lang='lat' dir='ltr'><strong>per</strong></span> <span class='ocrx_word' id='word_1_180' title='bbox 372 2072 423 2105; x_wconf 87' lang='lat' dir='ltr'><strong>can.</strong></span> <span class='ocrx_word' id='word_1_181' title='bbox 438 2066 479 2105; x_wconf 75' lang='grc'><strong>551</strong></span> <span class='ocrx_word' id='word_1_182' title='bbox 493 2073 543 2118; x_wconf 90' lang='lat' dir='ltr'><strong>par.</strong></span> <span class='ocrx_word' id='word_1_183' title='bbox 561 2066 569 2105; x_wconf 88' lang='lat' dir='ltr'><strong>l</strong></span> <span class='ocrx_word' id='word_1_184' title='bbox 583 2060 713 2127; x_wconf 84' lang='lat' dir='ltr'><strong>novijuris</strong></span> <span class='ocrx_word' id='word_1_185' title='bbox 725 2058 775 2105; x_wconf 87' lang='lat' dir='ltr'><strong>fieri</strong></span> <span class='ocrx_word' id='word_1_186' title='bbox 796 2058 865 2120; x_wconf 83' lang='lat' dir='ltr'><strong>debet</strong></span> 
     </span>
    </p>
   </div>
   <div class='ocr_carea' id='block_1_4' title="bbox 71 2136 943 2196">
    <p class='ocr_par' dir='ltr' id='par_1_6' title="bbox 71 2136 943 2196">
     <span class='ocr_line' id='line_1_24' title="bbox 71 2136 943 2196; baseline 0.001 -15"><span class='ocrx_word' id='word_1_187' title='bbox 71 2136 211 2196; x_wconf 89' lang='lat' dir='ltr'><strong>aproiessis</strong></span> <span class='ocrx_word' id='word_1_188' title='bbox 224 2138 333 2183; x_wconf 90' lang='lat' dir='ltr'><strong>votorum</strong></span> <span class='ocrx_word' id='word_1_189' title='bbox 346 2138 570 2196; x_wconf 62' lang='lat' dir='ltr'><strong>simplicium‘intra</strong></span> <span class='ocrx_word' id='word_1_190' title='bbox 590 2139 714 2196; x_wconf 84' lang='lat' dir='ltr'><strong>sexaginta</strong></span> <span class='ocrx_word' id='word_1_191' title='bbox 734 2137 786 2184; x_wconf 87' lang='lat' dir='ltr'><strong>dies</strong></span> <span class='ocrx_word' id='word_1_192' title='bbox 805 2138 867 2196; x_wconf 77' lang='lat' dir='ltr'><strong>(iure.</strong></span> <span class='ocrx_word' id='word_1_193' title='bbox 942 2147 943 2153; x_wconf 55' lang='lat'>¹</span> 
     </span>
    </p>
   </div>
   <div class='ocr_carea' id='block_1_5' title="bbox 17 2215 894 3292">
    <p class='ocr_par' dir='ltr' id='par_1_7' title="bbox 35 2215 868 2675">
     <span class='ocr_line' id='line_1_25' title="bbox 74 2215 865 2276; baseline 0 -16"><span class='ocrx_word' id='word_1_194' title='bbox 74 2217 201 2274; x_wconf 84' lang='lat' dir='ltr'><strong>praeterito</strong></span> <span class='ocrx_word' id='word_1_195' title='bbox 211 2217 276 2262; x_wconf 85' lang='lat' dir='ltr'><strong>intra</strong></span> <span class='ocrx_word' id='word_1_196' title='bbox 284 2215 344 2262; x_wconf 90' lang='lat' dir='ltr'><strong>duos</strong></span> <span class='ocrx_word' id='word_1_197' title='bbox 351 2218 456 2272; x_wconf 80' lang='lat' dir='ltr'><strong>menses)</strong></span> <span class='ocrx_word' id='word_1_198' title='bbox 464 2221 519 2262; x_wconf 84' lang='lat' dir='ltr'><strong>ante</strong></span> <span class='ocrx_word' id='word_1_199' title='bbox 529 2216 705 2276; x_wconf 85' lang='lat' dir='ltr'><strong>professionem</strong></span> <span class='ocrx_word' id='word_1_200' title='bbox 714 2216 865 2270; x_wconf 87' lang='lat' dir='ltr'><strong>sollemnem,</strong></span> 
     </span>
     <span class='ocr_line' id='line_1_26' title="bbox 67 2293 865 2353; baseline -0.001 -14"><span class='ocrx_word' id='word_1_201' title='bbox 67 2294 119 2351; x_wconf 67' lang='lat' dir='ltr'><strong>iam</strong></span> <span class='ocrx_word' id='word_1_202' title='bbox 132 2293 235 2353; x_wconf 88' lang='lat' dir='ltr'><strong>amplius</strong></span> <span class='ocrx_word' id='word_1_203' title='bbox 249 2307 297 2340; x_wconf 94' lang='lat' dir='ltr'><strong>non</strong></span> <span class='ocrx_word' id='word_1_204' title='bbox 310 2296 447 2353; x_wconf 86' lang='lat' dir='ltr'><strong>requiritur,</strong></span> <span class='ocrx_word' id='word_1_205' title='bbox 461 2303 488 2341; x_wconf 90' lang='lat' dir='ltr'><strong>ut</strong></span> <span class='ocrx_word' id='word_1_206' title='bbox 499 2295 597 2341; x_wconf 85' lang='lat' dir='ltr'><strong>accedat</strong></span> <span class='ocrx_word' id='word_1_207' title='bbox 616 2294 716 2340; x_wconf 87' lang='lat' dir='ltr'><strong>licentia</strong></span> <span class='ocrx_word' id='word_1_208' title='bbox 739 2294 865 2353; x_wconf 85' lang='lat' dir='ltr'><strong>Episcopi-</strong></span> 
     </span>
     <span class='ocr_line' id='line_1_27' title="bbox 72 2371 866 2433; baseline 0.001 -17"><span class='ocrx_word' id='word_1_209' title='bbox 72 2372 110 2417; x_wconf 85' lang='lat' dir='ltr'><strong>vel</strong></span> <span class='ocrx_word' id='word_1_210' title='bbox 132 2372 222 2419; x_wconf 87' lang='lat' dir='ltr'><strong>Vioarii</strong></span> <span class='ocrx_word' id='word_1_211' title='bbox 246 2371 375 2426; x_wconf 80' lang='lat' dir='ltr'><strong>Generalis,</strong></span> <span class='ocrx_word' id='word_1_212' title='bbox 398 2374 515 2433; x_wconf 82' lang='lat' dir='ltr'><strong>siquidem</strong></span> <span class='ocrx_word' id='word_1_213' title='bbox 535 2372 565 2418; x_wconf 89' lang='lat' dir='ltr'><strong>ad</strong></span> <span class='ocrx_word' id='word_1_214' title='bbox 586 2372 669 2419; x_wconf 89' lang='lat' dir='ltr'><strong>liinem</strong></span> <span class='ocrx_word' id='word_1_215' title='bbox 689 2374 866 2418; x_wconf 88' lang='lat' dir='ltr'><strong>canonisnuno</strong></span> 
     </span>
     <span class='ocr_line' id='line_1_28' title="bbox 72 2435 868 2504; baseline 0.001 -8"><span class='ocrx_word' id='word_1_216' title='bbox 72 2435 141 2496; x_wconf 85' lang='lat' dir='ltr'><strong>citati</strong></span> <span class='ocrx_word' id='word_1_217' title='bbox 162 2452 284 2497; x_wconf 85' lang='lat' dir='ltr'><strong>omittitur</strong></span> <span class='ocrx_word' id='word_1_218' title='bbox 299 2451 418 2497; x_wconf 82' lang='lat' dir='ltr'><strong>clausula</strong></span> <span class='ocrx_word' id='word_1_219' title='bbox 445 2452 589 2504; x_wconf 77' lang='lat' dir='ltr'><strong>Tridentini,</strong></span> <span class='ocrx_word' id='word_1_220' title='bbox 613 2450 687 2498; x_wconf 58' lang='lat' dir='ltr'><strong>&gt;unde</strong></span> <span class='ocrx_word' id='word_1_221' title='bbox 704 2450 756 2497; x_wconf 43' lang='lat' dir='ltr'><strong>hoc*</strong></span> <span class='ocrx_word' id='word_1_222' title='bbox 772 2450 868 2497; x_wconf 82' lang='lat' dir='ltr'><strong>Codicis</strong></span> 
     </span>
     <span class='ocr_line' id='line_1_29' title="bbox 72 2529 865 2588; baseline 0.001 -15"><span class='ocrx_word' id='word_1_223' title='bbox 72 2532 248 2588; x_wconf 85' lang='lat' dir='ltr'><strong>praescriptum</strong></span> <span class='ocrx_word' id='word_1_224' title='bbox 269 2529 399 2576; x_wconf 84' lang='lat' dir='ltr'><strong>deriloatur:</strong></span> <span class='ocrx_word' id='word_1_225' title='bbox 422 2545 464 2577; x_wconf 76' lang='lat' dir='ltr'><strong>a...</strong></span> <span class='ocrx_word' id='word_1_226' title='bbox 485 2543 541 2576; x_wconf 88' lang='lat' dir='ltr'><strong>oum</strong></span> <span class='ocrx_word' id='word_1_227' title='bbox 563 2530 662 2578; x_wconf 86' lang='lat' dir='ltr'><strong>lieentia</strong></span> <span class='ocrx_word' id='word_1_228' title='bbox 683 2530 796 2588; x_wconf 88' lang='lat' dir='ltr'><strong>Episcopi</strong></span> <span class='ocrx_word' id='word_1_229' title='bbox 815 2530 865 2575; x_wconf 88' lang='lat' dir='ltr'><strong>sive</strong></span> 
     </span>
     <span class='ocr_line' id='line_1_30' title="bbox 35 2607 635 2675; baseline 0.002 -23"><span class='ocrx_word' id='word_1_230' title='bbox 35 2671 37 2675; x_wconf 14' lang='lat' dir='ltr'>y</span> <span class='ocrx_word' id='word_1_231' title='bbox 72 2608 126 2665; x_wconf 77' lang='lat' dir='ltr'><strong>eJus</strong></span> <span class='ocrx_word' id='word_1_232' title='bbox 138 2608 250 2669; x_wconf 79' lang='lat' dir='ltr'><strong>Vioarii».</strong></span> <span class='ocrx_word' id='word_1_233' title='bbox 264 2607 312 2655; x_wconf 81' lang='lat' dir='ltr'><strong>Cir.</strong></span> <span class='ocrx_word' id='word_1_234' title='bbox 327 2608 386 2663; x_wconf 85' lang='lat' dir='ltr'><strong>Blet,</strong></span> <span class='ocrx_word' id='word_1_235' title='bbox 399 2610 434 2654; x_wconf 84' lang='lat' dir='ltr'><strong>De</strong></span> <span class='ocrx_word' id='word_1_236' title='bbox 445 2610 512 2654; x_wconf 82' lang='lat' dir='ltr'><strong>Pars.</strong></span> <span class='ocrx_word' id='word_1_237' title='bbox 536 2623 557 2668; x_wconf 94' lang='lat' dir='ltr'><strong>p.</strong></span> <span class='ocrx_word' id='word_1_238' title='bbox 570 2615 635 2669; x_wconf 77' lang='grc'><strong>565,-</strong></span> 
     </span>
    </p>

    <p class='ocr_par' dir='ltr' id='par_1_8' title="bbox 17 2685 894 3292">
     <span class='ocr_line' id='line_1_31' title="bbox 17 2685 864 2762; baseline 0 -22"><span class='ocrx_word' id='word_1_239' title='bbox 17 2685 20 2690; x_wconf 67' lang='grc'><strong>’</strong></span> <span class='ocrx_word' id='word_1_240' title='bbox 115 2720 128 2725; x_wconf 59' lang='lat'><strong>&gt;=</strong></span> <span class='ocrx_word' id='word_1_241' title='bbox 164 2702 185 2740; x_wconf 77' lang='lat' dir='ltr'><strong>t.</strong></span> <span class='ocrx_word' id='word_1_242' title='bbox 219 2695 268 2742; x_wconf 89' lang='lat' dir='ltr'><strong>Nee</strong></span> <span class='ocrx_word' id='word_1_243' title='bbox 286 2695 451 2754; x_wconf 82' lang='lat' dir='ltr'><strong>subjiciuntur</strong></span> <span class='ocrx_word' id='word_1_244' title='bbox 473 2697 594 2755; x_wconf 82' lang='lat' dir='ltr'><strong>regulares</strong></span> <span class='ocrx_word' id='word_1_245' title='bbox 617 2697 665 2743; x_wconf 88' lang='lat' dir='ltr'><strong>loci</strong></span> <span class='ocrx_word' id='word_1_246' title='bbox 681 2695 814 2762; x_wconf 46' lang='lat' dir='ltr'><strong>¹Ordiuario</strong></span> <span class='ocrx_word' id='word_1_247' title='bbox 839 2697 864 2741; x_wconf 95' lang='lat' dir='ltr'><strong>in</strong></span> 
     </span>
     <span class='ocr_line' id='line_1_32' title="bbox 72 2774 865 2834; baseline 0 -16"><span class='ocrx_word' id='word_1_248' title='bbox 72 2774 225 2834; x_wconf 77' lang='lat' dir='ltr'><strong>exsequenda</strong></span> <span class='ocrx_word' id='word_1_249' title='bbox 237 2775 388 2821; x_wconf 87' lang='lat' dir='ltr'><strong>restitutione</strong></span> <span class='ocrx_word' id='word_1_250' title='bbox 403 2775 517 2821; x_wconf 90' lang='lat' dir='ltr'><strong>bonorum</strong></span> <span class='ocrx_word' id='word_1_251' title='bbox 529 2775 633 2822; x_wconf 87' lang='lat' dir='ltr'><strong>suorum</strong></span> <span class='ocrx_word' id='word_1_252' title='bbox 641 2776 744 2831; x_wconf 52' lang='lat' dir='ltr'><strong>‚novitiis</strong></span> <span class='ocrx_word' id='word_1_253' title='bbox 756 2774 865 2820; x_wconf 84' lang='lat' dir='ltr'><strong>abeunti·</strong></span> 
     </span>
     <span class='ocr_line' id='line_1_33' title="bbox 73 2851 862 2914; baseline 0.003 -18"><span class='ocrx_word' id='word_1_254' title='bbox 73 2851 167 2900; x_wconf 87' lang='lat' dir='ltr'><strong>busseu</strong></span> <span class='ocrx_word' id='word_1_255' title='bbox 179 2852 322 2913; x_wconf 85' lang='lat' dir='ltr'><strong>discessuris</strong></span> <span class='ocrx_word' id='word_1_256' title='bbox 333 2855 361 2899; x_wconf 87' lang='lat' dir='ltr'><strong>ab</strong></span> <span class='ocrx_word' id='word_1_257' title='bbox 373 2853 457 2900; x_wconf 85' lang='lat' dir='ltr'><strong>ordine</strong></span> <span class='ocrx_word' id='word_1_258' title='bbox 470 2854 589 2912; x_wconf 78' lang='lat' dir='ltr'><strong>religioso.</strong></span> <span class='ocrx_word' id='word_1_259' title='bbox 602 2853 638 2900; x_wconf 81' lang='lat' dir='ltr'><strong>Ex</strong></span> <span class='ocrx_word' id='word_1_260' title='bbox 648 2855 703 2912; x_wconf 85' lang='lat' dir='ltr'><strong>jure</strong></span> <span class='ocrx_word' id='word_1_261' title='bbox 715 2853 862 2914; x_wconf 76' lang='lat' dir='ltr'><strong>Tridentino,</strong></span> 
     </span>
     <span class='ocr_line' id='line_1_34' title="bbox 73 2931 865 2998; baseline 0.001 -22"><span class='ocrx_word' id='word_1_262' title='bbox 73 2931 89 2976; x_wconf 90' lang='lat' dir='ltr'><strong>l.</strong></span> <span class='ocrx_word' id='word_1_263' title='bbox 110 2947 130 2979; x_wconf 91' lang='lat' dir='ltr'><strong>o.</strong></span> <span class='ocrx_word' id='word_1_264' title='bbox 151 2931 254 2978; x_wconf 79' lang='lat' dir='ltr'><strong>facultas</strong></span> <span class='ocrx_word' id='word_1_265' title='bbox 274 2945 387 2979; x_wconf 89' lang='lat' dir='ltr'><strong>concessa</strong></span> <span class='ocrx_word' id='word_1_266' title='bbox 405 2932 451 2987; x_wconf 90' lang='lat' dir='ltr'><strong>iuit</strong></span> <span class='ocrx_word' id='word_1_267' title='bbox 471 2931 598 2998; x_wconf 89' lang='lat' dir='ltr'><strong>Episcopis</strong></span> <span class='ocrx_word' id='word_1_268' title='bbox 622 2932 865 2992; x_wconf 77' lang='lat' dir='ltr'><strong>oorrrpellendietiam</strong></span> 
     </span>
     <span class='ocr_line' id='line_1_35' title="bbox 72 3009 866 3070; baseline 0.003 -17"><span class='ocrx_word' id='word_1_269' title='bbox 72 3011 193 3062; x_wconf 87' lang='lat' dir='ltr'><strong>censuris,</strong></span> <span class='ocrx_word' id='word_1_270' title='bbox 207 3012 227 3056; x_wconf 86' lang='lat' dir='ltr'><strong>si</strong></span> <span class='ocrx_word' id='word_1_271' title='bbox 239 3024 298 3069; x_wconf 89' lang='lat' dir='ltr'><strong>opus</strong></span> <span class='ocrx_word' id='word_1_272' title='bbox 310 3011 390 3067; x_wconf 85' lang='lat' dir='ltr'><strong>inerit,</strong></span> <span class='ocrx_word' id='word_1_273' title='bbox 404 3010 523 3070; x_wconf 80' lang='lat' dir='ltr'><strong>regulares</strong></span> <span class='ocrx_word' id='word_1_274' title='bbox 536 3011 599 3057; x_wconf 83' lang='lat' dir='ltr'><strong>lianc</strong></span> <span class='ocrx_word' id='word_1_275' title='bbox 612 3009 711 3070; x_wconf 80' lang='lat' dir='ltr'><strong>exsequi</strong></span> <span class='ocrx_word' id='word_1_276' title='bbox 729 3011 785 3056; x_wconf 89' lang='lat' dir='ltr'><strong>resti</strong></span> <span class='ocrx_word' id='word_1_277' title='bbox 799 3011 866 3055; x_wconf 91' lang='lat' dir='ltr'><strong>utio-</strong></span> 
     </span>
     <span class='ocr_line' id='line_1_36' title="bbox 74 3088 864 3150; baseline 0.001 -17"><span class='ocrx_word' id='word_1_278' title='bbox 74 3101 128 3134; x_wconf 91' lang='lat' dir='ltr'><strong>nem</strong></span> <span class='ocrx_word' id='word_1_279' title='bbox 148 3093 286 3136; x_wconf 85' lang='lat' dir='ltr'><strong>renuentes.</strong></span> <span class='ocrx_word' id='word_1_280' title='bbox 300 3090 373 3137; x_wconf 89' lang='lat' dir='ltr'><strong>Hodie</strong></span> <span class='ocrx_word' id='word_1_281' title='bbox 385 3104 446 3143; x_wconf 88' lang='lat' dir='ltr'><strong>vero,</strong></span> <span class='ocrx_word' id='word_1_282' title='bbox 461 3092 486 3135; x_wconf 88' lang='lat' dir='ltr'><strong>ut</strong></span> <span class='ocrx_word' id='word_1_283' title='bbox 499 3093 595 3150; x_wconf 88' lang='lat' dir='ltr'><strong>apparet</strong></span> <span class='ocrx_word' id='word_1_284' title='bbox 613 3103 642 3136; x_wconf 84' lang='lat' dir='ltr'><strong>ex</strong></span> <span class='ocrx_word' id='word_1_285' title='bbox 655 3103 677 3135; x_wconf 92' lang='lat' dir='ltr'><strong>c.</strong></span> <span class='ocrx_word' id='word_1_286' title='bbox 697 3096 741 3136; x_wconf 82' lang='grc'><strong>570</strong></span> <span class='ocrx_word' id='word_1_287' title='bbox 761 3101 810 3147; x_wconf 88' lang='lat' dir='ltr'><strong>par.</strong></span> <span class='ocrx_word' id='word_1_288' title='bbox 834 3088 864 3142; x_wconf 91' lang='grc' dir='ltr'><strong>ΙΙ,</strong></span> 
     </span>
     <span class='ocr_line' id='line_1_37' title="bbox 73 3155 894 3233; baseline 0.004 -22"><span class='ocrx_word' id='word_1_289' title='bbox 73 3165 197 3227; x_wconf 79' lang='lat' dir='ltr'><strong>Episcopis</strong></span> <span class='ocrx_word' id='word_1_290' title='bbox 212 3168 277 3214; x_wconf 90' lang='lat' dir='ltr'><strong>nulla</strong></span> <span class='ocrx_word' id='word_1_291' title='bbox 292 3172 397 3215; x_wconf 83' lang='lat' dir='ltr'><strong>remanet</strong></span> <span class='ocrx_word' id='word_1_292' title='bbox 413 3170 516 3227; x_wconf 85' lang='lat' dir='ltr'><strong>potestas</strong></span> <span class='ocrx_word' id='word_1_293' title='bbox 528 3171 552 3215; x_wconf 93' lang='lat' dir='ltr'><strong>in</strong></span> <span class='ocrx_word' id='word_1_294' title='bbox 566 3166 688 3233; x_wconf 66' lang='lat' dir='ltr'><strong>regulares</strong></span> <span class='ocrx_word' id='word_1_295' title='bbox 705 3168 782 3227; x_wconf 87' lang='lat' dir='ltr'><strong>quoad</strong></span> <span class='ocrx_word' id='word_1_296' title='bbox 804 3166 865 3214; x_wconf 84' lang='lat' dir='ltr'><strong>hanc</strong></span> <span class='ocrx_word' id='word_1_297' title='bbox 893 3155 894 3159; x_wconf 26' lang='lat'>¹</span> 
     </span>
     <span class='ocr_line' id='line_1_38' title="bbox 74 3249 735 3292; baseline 0.008 -2"><span class='ocrx_word' id='word_1_298' title='bbox 74 3249 208 3292; x_wconf 84' lang='lat' dir='ltr'><strong>materiem.</strong></span> <span class='ocrx_word' id='word_1_299' title='bbox 734 3252 735 3256; x_wconf 76' lang='grc'>’</span> 
     </span>
    </p>
   </div>
   <div class='ocr_carea' id='block_1_6' title="bbox 0 0 1050 3569">
    <p class='ocr_par' dir='ltr' id='par_1_9' title="bbox 0 0 1050 3569">
     <span class='ocr_line' id='line_1_39' title="bbox 0 0 1050 3569; baseline 0 0"><span class='ocrx_word' id='word_1_300' title='bbox 0 0 1050 3569; x_wconf 95' lang='lat' dir='ltr'><strong> </strong></span> 
     </span>
    </p>
   </div>
  </div>
 </body>
</html>
