2091 3569
285 259 319 304 [ln
332 271 483 305 nuuunrrouu
495 249 654 316 annuntiarunt
836 264 863 304 87

66 386 219 448 ,desumenda
231 402 274 452 est,
288 400 356 459 juxta
367 398 400 444 cl.
413 399 497 455 Bonirr',
511 403 527 446 t.
541 399 570 446 ΙΙ,
583 414 605 459 p.
619 404 656 455 46,
667 414 679 445 e
690 399 864 448 recentioribus

71 479 196 526 dumtaxat
213 477 277 524 sedis
294 478 447 537 Apostolioae
463 477 670 537 dispositionibus;
685 484 741 525 nam
754 478 863 537 praedic-

71 550 126 604 tum
137 547 229 603 ariana
238 557 303 616 Juris
312 570 328 602 a
341 556 426 604 (lodice
438 560 568 616 receptum,
581 556 645 616 quod
659 571 745 616 nempe
757 556 863 605 «teuefi-
877 613 878 618 ¹

71 637 109 682 cia
120 634 251 681 saecularia
263 635 365 681 nonnisi
376 635 469 681 clericis
482 648 494 680 e
508 635 569 681 clero
586 635 703 681 saeculari
720 634 863 682 conferenda

71 715 144 761 suut»
155 714 184 769 (e.
197 705 459 769 '144alabauetor·ibus
475 713 679 773 interpretabatur
696 713 725 759 de
742 712 864 760 beneficiis

71 794 165 840 tantun·
178 791 338 851 simplicibus,
353 805 402 838 uon
414 795 491 839 autem
503 792 532 838 de
549 790 669 838 beneficiis
684 789 782 836 carolis.
802 792 864 838 Haec

72 871 137 936 enim
148 869 217 916 habet
229 870 305 929 Engo]
317 883 354 930 ap.
369 870 452 924 Bouix,
463 885 484 930 p.
498 873 544 927 454
564 869 646 935 ‹rQnod
665 871 685 915 si
698 869 810 917 beneficia
822 868 863 915 ha·

73 939 143 994 beant
155 948 232 994 solum
245 961 328 995 curam
339 947 381 994 iori
394 949 492 998 interni.
505 950 543 994 uti
552 947 672 999 ecclesiae,
681 948 824 1010 paroeciales

72 1027 209 1073 conrrnnnls
220 1029 257 1073 est
267 1027 393 1089 doctorum
400 1028 529 1081 sententia,
539 1027 659 1085 religiosos
671 1027 759 1085 dejure
766 1038 863 1083 genera·

41 1151 43 1156 ,
72 1105 127 1151 liter
137 1118 235 1164 capaces
250 1106 305 1151 esse
317 1104 485 1161 beneficiorum
498 1105 657 1152 saecularium
675 1108 821 1159 curatornnn
840 1105 863 1148 et

72 1186 142 1230 itam.
154 1198 205 1230 esse
216 1185 380 1244 exceptionem
396 1183 425 1230 ab
437 1184 476 1230 illa
487 1182 653 1243 regulaquod
670 1182 802 1229 saecularia
820 1181 862 1227 be.-

74 1261 156 1308 neiioia
167 1264 262 1308 tantum
274 1263 438 1309 saecularibus
449 1262 591 1309 conferenda
603 1266 685 1307 sunt».
696 1260 803 1319 Notetur
819 1261 862 1307 de—

61 1341 151 1399 nique,
170 1339 232 1386 nihil
248 1341 279 1386 iu,
292 1339 379 1387 Codice
396 1335 499 1388 inveniri
516 1342 544 1388 de
560 1354 618 1387 casn
634 1340 682 1394 illc,
696 1342 742 1399 quo
756 1331 862 1405 paroecia

70 1418 200 1464 saecularis
218 1427 247 1463 er
266 1418 396 1478 diplomate
417 1418 537 1481 pontificio
557 1418 817 1484 regulari‘conieratur
835 1420 860 1464 in
890 1416 892 1420 ’

71 1494 173 1550 titolum,
186 1493 219 1543 ita
230 1498 257 1542 ut
271 1499 357 1543 contra
371 1498 454 1555 placita
466 1499 524 1555 iuris
535 1500 679 1550 aerumpnis,
699 1495 816 1555 regularis
828 1510 862 1542 se-

71 1578 190 1633 paratura
206 1577 360 1635 monasterio,
373 1578 452 1635 atque,
466 1589 479 1620 a
491 1575 590 1622 Praelati
602 1562 721 1634 regularis
738 1577 862 1634 exemptus
875 1632 878 1639 p

71 1654 194 1711 potestate,
219 1654 244 1698 in
267 1653 382 1699 ditionem
405 1653 482 1713 quoad
505 1658 631 1711 utrumque
653 1654 734 1700 iorum
757 1657 862 1700 transeat

71 1732 188 1791 Episcopi,
201 1732 311 1791 bonaque
323 1735 431 1791 acquirat
444 1747 489 1779 non
499 1733 549 1789 jani
563 1734 708 1779 monasterio
726 1731 774 1778 eea
783 1732 861 1779 eccle-

69 1812 122 1856 siae,
135 1823 189 1857 suae
201 1810 252 1867 (cir.
265 1811 349 1858 Vernr.
363 1802 386 1857 Ἰ.’
400 1826 423 1858 n.
442 1817 493 1864 499,
511 1815 541 1868 3),
555 1812 617 1871 quod
630 1813 753 1857 rarissime
764 1810 859 1864 accidit,

69 1900 139 1934 unam
158 1889 299 1949 plerumque
318 1889 418 1936 titulum
438 1904 484 1936 non
501 1891 591 1937 obtinet
609 1892 656 1936 nisi
671 1890 815 1948 precarium,
828 1891 860 1935 ita
878 1895 883 1954 j

71 1969 98 2012 ut
109 1979 139 2027 ne
149 1968 174 2013 iu
186 1969 280 2013 certum
292 1968 390 2027 quidem
398 1970 496 2027 tempus
508 1975 613 2017 securam
627 1968 712 2014 habeat
727 1969 860 2026 possessio-

71 2058 134 2092 uem.
148 2047 196 2104 Quo
207 2048 260 2106 inre
272 2049 379 2093 utuntur
391 2049 460 2094 etiarn
472 2049 583 2093 canonici
598 2048 861 2100 Praemonstratenses»

68 2124 158 2178 (Verm.
175 2132 193 2170 1.
205 2128 246 2181 cl.
260 2125 347 2173 Hoetu
360 2125 446 2171 ultimo
457 2139 521 2179 casu,
535 2128 575 2185 qui
589 2127 659 2172 unice
672 2127 696 2171 in
709 2124 795 2171 Codice
807 2138 861 2172 corr·

68 2203 204 2262 templatur,
218 2203 380 2274 placitaJ'uris
392 2205 535 2258 communis,
548 2207 574 2251 ut
590 2206 614 2250 in
635 2203 771 2250 canonibus
788 2216 860 2263 supe-

70 2283 119 2326 rius
138 2282 245 2329 enodatis
262 2284 363 2342 aliisque
382 2286 440 2329 nior
453 2283 607 2342 explanandis
624 2283 754 2335 contenta,
771 2282 860 2328 servari

70 2363 170 2418 oportet.
605 2368 606 2373 ’
716 2369 718 2372 ’

94 2499 95 2502 ,
158 2467 179 2508 4,
212 2460 271 2508 Cum
285 2461 405 2521 parochus
420 2466 469 2508 tum
482 2464 585 2509 vicarius
599 2461 726 2519 regularis
735 2460 792 2506 'licet
809 2463 845 2505 sta

69 2546 147 2595 biliter
158 2552 272 2596 consiltni
287 2549 372 2596 debeat
382 2550 410 2605 (c.
429 2557 473 2597 454
485 2563 531 2608 par.
542 2552 572 2606 r),
585 2547 718 2620 rrmocihilia
729 2550 809 2594 tamen
823 2549 858 2593 est

36 2690 39 2693 Ι
53 2635 133 2697 ,iuxta
146 2650 251 2683 normam
263 2637 372 2696 ejusdem
385 2651 439 2684 cau.
453 2635 500 2696 par.
514 2645 535 2691 5,
548 2638 576 2683 ad
590 2641 679 2682 nutum
691 2642 742 2681 tam
754 2635 801 2681 loci
813 2633 858 2680 Or-

67 2722 162 2778 dinarii‚
182 2727 269 2770 rnonito
287 2725 423 2783 Superiora,
442 2739 512 2784 quarn
524 2724 668 2784 Superioris,
684 2724 775 2768 monito
788 2720 859 2768 Ordi-

61 2814 144 2867 'nario,
166 2827 240 2873 aequo
257 2815 321 2874 Jure,
341 2826 389 2858 non
410 2814 522 2873 requisito
540 2814 640 2871 alterius
659 2804 792 2861 ,consenum
815 2822 858 2854 uec

66 2899 127 2946 alter
147 2901 212 2947 alteri
233 2889 331 2947 oausam
346 2900 432 2960 judicii
452 2902 489 2946 sni
505 2902 595 2960 aperire
611 2902 718 2968 tenetur,
736 2896 858 2954 multoque

69 2988 265 3048 nunusprobare,
279 2976 345 3035 salvo
358 3001 457 3034 recursu
469 2990 492 3033 in
501 2988 638 3035 ¹devolutivo
648 2987 678 3034 ad
695 2983 858 3054 Apostolicam

67 3069 151 3119 Sedem
171 3075 202 3128 (c.
223 3080 264 3119 621
284 3058 334 3133 par.
358 3074 389 3129 3).
409 3071 473 3130 Quae
492 3074 571 3120 omnia
594 3073 701 3132 apprime
722 3069 857 3126 corrgrunnt

67 3163 217 3222 praescriptis
231 3162 323 3222 antiqui
333 3161 405 3219 juris,
417 3161 505 3227 prouti
517 3161 672 3221 exponuntur
683 3159 709 3202 in
724 3157 762 3203 cit.
782 3157 855 3201 const.

65 3247 228 3297 «diruendis»
242 3249 302 3295 Ben.
317 3248 374 3296 XIV
392 3252 414 3295 et
427 3251 451 3295 in
464 3248 508 3295 alia
520 3250 627 3308 ejusdem
641 3248 776 3323 Pontifiois,
788 3244 857 3303 cujus
