2091 3569
289 261 324 308 [in
336 271 488 308 nxsnnrronn
497 271 660 307 REGULARIUM
833 265 873 311 101

72 392 223 451 *Superiores
239 405 304 446 suos,
322 393 360 439 vel
372 394 453 453 potius
471 393 500 439 ab
515 390 641 438 Ordinatio
651 389 706 438 ioci.
727 391 760 447 (1)
771 389 808 437 En
820 392 872 437 tex-

73 472 136 516 tum
153 482 208 517 can.
225 476 269 516 874
285 484 357 531 supra
374 472 449 523 citati:
467 469 682 519 «Jurisdictionem
699 469 831 528 delegatam
844 466 874 514 ad

23 571 25 575 ⁴
69 535 71 539 ¹
81 547 230 608 recipiendas
242 550 407 598 confessiones
419 547 812 611 quorumlibet.sivesaecnlan'um
823 547 873 593 sive

81 625 249 684 religiosorum
268 628 360 680 confert
380 628 548 676 sacerdotibus
567 630 619 681 tum
638 626 800 674 saecularibus
819 627 872 671 turn

81 702 200 762 religiosis
211 708 283 762 etiam
294 708 411 768 exemptis
424 704 569 757 ordinarios
580 703 625 751 loci
635 707 659 753 in
675 718 721 766 quo
738 704 873 751 confessio-

62 796 123 852 .nes
135 784 312 844 excipiuntur».
324 786 368 833 Hic
382 789 448 843 notat
465 787 494 834 el.
512 779 594 834 Verm.
612 786 714 836 Summo,
733 796 757 830 n.
775 788 826 837 344,
837 794 872 828 err

80 860 162 912 verbis.
179 860 252 922 hujus
262 866 366 912 canonis
381 878 447 912 nunc
465 866 530 912 certo
544 866 654 910 constare
666 863 788 922 religiosos
799 862 871 908 etiarn

78 942 211 999 exemptos,
224 944 319 1002 qnando
332 943 476 991 coirfitentnr
487 941 606 990 sacerdoti
619 942 744 998 saeculari,
762 939 872 986 «dicece—

79 1019 137 1065 sana
151 1019 320 1076 jurisdictione
336 1021 434 1077 absolvi,
453 1034 513 1081 quae
526 1023 594 1080 proin
607 1020 752 1068 dioecesanis
764 1031 871 1066 reserva-

79 1095 321 1154 tionibusaificitnr,
336 1101 382 1146 nisi
396 1101 469 1147 simul
485 1114 498 1147 a
515 1098 760 1159 Superiorcexampto
774 1096 885 1156 regula-¹
924 1157 926 1161 ¹

79 1186 139 1221 reni
152 1176 349 1234 jurisdictionem
370 1162 530 1227 coniessarins
554 1176 706 1231 obtinuerit»,
730 1175 829 1236 ideoque
846 1177 870 1221 in

79 1253 123 1300 boc
135 1257 225 1313 puncto
237 1259 360 1316 exemptos
373 1256 491 1304 hodierno
502 1258 555 1317 iure
567 1256 699 1316 peregrinis
714 1254 869 1314 aequiperari.
894 1288 895 1291 η

60 1392 62 1396 v
78 1330 127 1384 Gir.
140 1345 203 1392 resp.
215 1337 307 1397 domm.
320 1335 416 1383 adcon.
429 1335 495 1384 cod:
509 1329 539 1382 Ass
552 1339 579 1382 Α.
593 1333 618 1380 S.
631 1333 692 1388 dec,
708 1339 773 1388 1920,
785 1347 806 1392 p,
817 1338 868 1379 576.
914 1392 916 1395 Α

169 1410 339 1464 Sacerdotibus
355 1418 435 1461 autem
451 1414 570 1473 religiosis
587 1413 622 1460 uti
639 1425 686 1459 non
703 1412 759 1459 licet
774 1413 826 1458 sine
837 1411 868 1457 li-

14 1527 16 1530 .
78 1492 163 1544 centia
173 1491 259 1547 saltem
275 1495 435 1552 praesumpta
446 1494 485 1539 sui
501 1490 645 1551 Superioris,
659 1490 824 1550 jurisdictione
839 1488 869 1549 ab

78 1566 202 1615 ordinario
218 1569 264 1616 loci
280 1570 386 1625 obtenta,
404 1570 473 1616 iirmo
483 1572 572 1616 tamen
590 1571 732 1629 praescripto
750 1574 867 1621 cautla,
943 1562 944 1566 ’

77 1647 102 1691 in
115 1647 344 1705 superioriarticulc
353 1650 402 1709 jain
413 1648 538 1708 explanato
550 1649 581 1704 (c.
595 1653 639 1694 874
651 1661 700 1707 par.
718 1635 760 1704 il(

60 1712 62 1716 ’
169 1725 274 1773 Dubium
286 1729 377 1774 mnirari
388 1728 467 1786 potest
479 1717 564 1774 utrum¹
573 1726 693 1786 regulares
704 1725 809 1773 confiteri
825 1737 866 1771 va-

20 1839 21 1842 *
76 1802 140 1849 leant
151 1803 215 1863 apud
226 1803 374 1853 (laconicum
387 1805 603 1852 Paenitentiariurn
615 1804 651 1850 vel
664 1801 798 1851 Parocbnm
807 1802 866 1870 *lo-ci,

75 1883 126 1940 qui,
139 1883 223 1929 stricte
245 1882 373 1942 loquendo,
385 1883 433 1931 dici
447 1886 573 1944 nequeunt
584 1880 709 1942 approbati
721 1880 750 1926 ob
763 1879 862 1927 Ordina-

41 2002 42 2005 ,
74 1957 113 2004 rio
124 1958 177 2015 loci,
192 1954 275 2020 utpote
286 1962 327 2021 qui
339 1964 391 2021 ipso
405 1964 457 2022 jure
468 1962 588 2028 ordinaria
602 1961 690 2022 pollent
699 1959 867 2028 jnrisdictione

71 2036 104 2083 ad
120 2038 283 2085 confessiones
300 2039 439 2087 audiendas.
458 2040 540 2094 Porro,
553 2039 609 2106 licet
621 2038 667 2086 hoc
680 2031 763 2086 verum
774 2039 814 2093 sit,
826 2040 867 2086 ni-

75 2114 215 2183 hilominus,
229 2119 255 2164 ut
266 2119 330 2164 recte
343 2120 411 2165 notat
421 2118 533 2186 sacrepi,
547 2131 585 2178 op.
598 2120 650 2174 cit,
664 2131 689 2165 n.
704 2123 754 2171 103,
767 2116 791 2164 id
802 2116 866 2177 quod

75 2195 197 2251 praedicti
209 2187 307 2242 manera
326 2197 426 2252 Parcebi
445 2199 467 2242 et
488 2197 668 2244 Poenitentiarii
687 2197 813 2243 exerceant
830 2197 865 2241 est
908 2260 909 2263 Ἴ

71 2271 238 2331 dependenter
253 2273 283 2320 ab
300 2263 427 2322 Ordinario
444 2275 497 2330 loci;
516 2274 618 2335 ideoque
634 2277 674 2322 «in
693 2273 864 2322 favorabilibus

73 2362 128 2417 vere
148 2356 249 2411 possunt
267 2353 313 2400 dici
333 2352 474 2401 confessarii
492 2351 523 2399 ab
539 2344 662 2401 Ordinario
681 2353 729 2399 loci
743 2351 865 2412 approbati
933 2406 934 2409 Ἴ
954 2391 957 2400 ,

74 2441 115 2487 pro
129 2428 236 2476 omnlino
243 2430 377 2491 fidelibus».

163 2509 246 2567 Quoad
255 2496 452 2568 jnrisdictioncrn
465 2523 521 2556 vero
532 2509 701 2557 ,sacerdotibus
715 2508 865 2568 regularibus

71 2587 100 2653 ab
113 2587 238 2648 Episcopis
250 2589 403 2636 tribuendam
415 2588 554 2648 praescribit
564 2588 630 2636 laud.
643 2602 697 2653 can.
711 2593 755 2634 874
771 2589 795 2637 in
813 2601 863 2647 par.

32 2667 48 2680 ⁶
72 2670 93 2719 2,
115 2669 142 2712 ut
160 2667 268 2714 locorum
289 2665 407 2714 Ordinarii
424 2680 476 2713 earn
494 2660 650 2714 habitualiteb
668 2680 714 2714 non
735 2665 863 2715 concedant

71 2744 190 2804 religiosis
206 2747 248 2805 qni
265 2758 278 2791 a
295 2747 390 2805 proprio
407 2744 534 2805 Superiore
553 2758 602 2793 non
621 2748 813 2805 praesentantur;
834 2747 863 2792 iis

71 2897 181 2909 —

120 2951 147 2997 (l)
172 2951 208 2987 en.
219 2952 292 2986 Mocch.
309 2951 324 2987 I.
339 2948 366 2987 ns
376 2951 411 2986 986
426 2963 461 2998 sq.;
476 2952 537 2991 Boura.
554 2952 577 2993 li,
593 2963 609 2998 p.
625 2951 660 2987 217
675 2952 768 2986 attendam
784 2950 859 2996 Capella,

71 3010 208 3053 necessaris,
225 3025 241 3057 p.
259 3012 292 3047 186
306 3020 346 3047 nota
361 3012 379 3052 l,
392 3015 421 3059 qui
436 3014 497 3047 asserit
514 3014 649 3047 immutationem
666 3014 733 3047 maximi
743 3013 822 3046 momenti
832 3022 862 3057 per

69 3070 115 3105 huuc
128 3084 210 3107 carropera
226 3074 242 3108 ln
259 3075 289 3107 hoe
305 3086 322 3108 re
336 3075 423 3108 inductam
441 3075 500 3115 luisse,
511 3084 562 3108 «nam
575 3076 700 3119 jureantiqno,
714 3075 775 3118 inquit.
786 3072 862 3115 religiosi

69 3129 172 3167 secerdotes
178 3134 318 3183 jurisdictionem
333 3134 431 3168 immediate
446 3146 455 3168 a
464 3133 486 3169 R.
497 3134 587 3172 Pantitae,
595 3145 628 3168 non
637 3138 694 3168 autem
703 3145 712 3167 a
722 3133 753 3167 loci
763 3132 861 3173 Ordinatio,

69 3202 99 3235 per
107 3192 209 3238 Superiores
218 3206 257 3228 suos
275 3195 384 3238 accipiebant
392 3202 409 3228 et
418 3196 487 3229 nonnisi
495 3194 517 3228 ad
525 3196 640 3230 confessiones
649 3194 761 3228 saccularium
771 3195 860 3238 excipien-

68 3252 105 3293 das.
114 3254 156 3298 ipsis
165 3266 207 3299 opos
215 3263 250 3288 erat
259 3254 378 3300 approbatio
388 3256 409 3288 ab
419 3253 509 3289 Ordiuuric
519 3255 551 3289 loci
560 3265 659 3290 concessa.»
