2091 3569
176 249 205 289 78
393 241 591 296 Dunxnu'orroun
603 224 765 292 annueremus

174 372 372 432 Mendicouiiurn)
389 376 423 420 sic
435 375 527 422 statuit:
540 372 625 440 «Quod
643 387 699 421 vero
715 374 746 420 de
763 387 809 433 usu
825 376 975 433 qliaestuum

175 455 384 512 eleemosynarum
395 441 524 501 auferendo
538 453 647 513 loquitur
657 452 799 500 -Ooneilium
815 453 891 508 llrid„
909 466 971 500 sess.
1003 499 1005 505 ,

174 538 211 588 21,
225 545 276 591 cap.
291 539 313 586 a,
328 531 360 594 id.
374 531 403 578 ad
414 530 606 580 Mendicantium
620 531 721 579 Ordines
738 531 803 578 nullo
821 531 891 578 modo
907 531 944 578 rel
958 557 970 564 -

174 611 205 658 rri
218 623 287 670 posse
299 610 336 657 vel
348 610 441 666 debere,
455 613 529 657 etiam
545 610 709 665 decernimus
727 612 786 669 quin
803 611 894 670 potina,
914 623 969 657 cunr

96 706 98 709 ·
175 702 203 735 ex
214 688 378 747 eleemosynis
391 687 530 749 hujusmodi
542 677 623 736 rivere
632 691 758 749 cogantur,
770 690 804 736 eis
816 688 841 735 id
853 682 932 735 facere
944 689 971 735 li-

174 769 252 815 berun
265 769 364 815 omnino
376 781 427 814 esse
438 765 645 815 declaramus...»

267 855 341 901 Hodie
361 868 416 902 vero
438 855 495 902 haec
515 856 626 912 facultas,
647 869 708 916 quae
726 868 800 903 vernn
817 856 970 915 privilegium

173 934 367 981 Mendicantium
380 935 426 982 dici
437 934 517 989 debet,
531 934 652 994 siquidem
663 935 765 980 vetitum
776 937 812 980 est
827 933 927 979 clericis
942 947 970 979 ac

172 1012 242 1059 laicis
253 1015 340 1072 stipem
354 1013 466 1071 colligere
483 1026 526 1071 pro
540 1013 710 1060 ecelesiasticis
726 1014 830 1072 aut*>piis
847 1012 971 1058 institutis

172 1092 204 1146 (o.
218 1092 296 1147 1503),
310 1092 465 1149 restringitur
478 1092 506 1138 ad
519 1093 584 1138 solos
598 1079 758 1140 Mendioantes
770 1093 810 1151 qui
824 1105 854 1137 ex
871 1092 971 1137 institu-

173 1171 197 1214 to
217 1168 278 1215 tales
297 1171 416 1216 vocantur
433 1170 456 1214 ct
472 1167 545 1214 aaroni
565 1182 620 1214 uero
640 1168 801 1216 Mendicontes
819 1172 887 1233 sunt,
911 1183 971 1229 qnos

115 1255 117 1259 ’
173 1260 245 1306 supra
265 1250 460 1294 enumeravimus
479 1248 510 1303 (c.
532 1254 574 1295 621
598 1261 646 1307 par.
671 1251 720 1294 let
738 1247 866 1295 declaratio
883 1249 969 1293 Coram.

172 1324 266 1389 Pontis.
285 1324 332 1388 ad„
342 1338 393 1371 reon.
406 1319 435 1373 C.
453 1325 652 1385 interpretandos,
670 1326 694 1374 d.
704 1333 740 1372 '16
753 1330 800 1373 oet.
816 1332 882 1373 1919:
895 1329 926 1372 A.
939 1327 969 1372 A.

159 1397 161 1446 J
173 1406 197 1453 S.
211 1419 233 1451 v.
247 1412 274 1450 11·
288 1417 311 1450 n.
327 1408 372 1461 13).
388 1405 416 1451 Hi
426 1406 606 1465 enimpossunt
617 1408 644 1452 in
655 1408 704 1452 tota
716 1400 874 1452 dioecesi'ubi
886 1417 970 1451 coriam

172 1484 285 1542 religiosa
296 1482 383 1530 domus
394 1486 439 1530 sita
450 1492 487 1530 est
498 1485 665 1543 eleemosynas
681 1487 759 1544 petere
776 1485 805 1531 de
822 1485 874 1531 sola
891 1484 970 1541 Supe-
983 1530 984 1533 ,

172 1564 263 1626 riorum
276 1552 496 1616 suorumlioentia,
509 1564 552 1622 qui
564 1561 594 1609 ab
607 1562 725 1622 Episcopo
739 1563 859 1622 prohiberi
871 1563 967 1620 queant.

95 1691 96 1694 ,
171 1640 207 1687 Ex
220 1654 248 1687 eo
261 1635 342 1686 tamen
355 1640 417 1700 quod
427 1643 453 1687 in
465 1654 520 1687 can.
534 1646 579 1687 624
590 1642 730 1701 injungitur
745 1642 863 1701 religiosis
880 1653 969 1699 quaes·-

172 1719 303 1766 tuantibus
319 1719 430 1777 obligatio
447 1732 472 1765 se
492 1719 661 1766 eonicrurandi
681 1720 757 1780 quoad
773 1720 926 1779 disciplinam
943 1721 968 1767 iu

174 1796 356 1856 mendicatione
367 1797 506 1845 servandam
518 1798 724 1845 instructionibus
736 1812 748 1845 a
761 1797 820 1845 Sede
832 1797 970 1857 Apostolica
999 1852 1001 1855 .

172 1874 291 1929 haedere
302 1875 373 1930 datis,
387 1878 478 1935 oportet
490 1878 517 1923 ut
529 1890 625 1935 semper
634 1890 716 1923 secum
730 1876 833 1923 habeant
843 1876 969 1923 licentiam

171 1953 316 2012 Superioris,
335 1967 410 2013 quam
424 1954 625 2014 ultroparochis‚
636 1968 737 2002 ,neonon
754 1953 889 2002 Ordinariis
905 1967 969 2013 quo-

170 2034 216 2078 ties
226 2032 257 2078 ab
268 2033 328 2090 ipsis
339 2034 481 2092 requiratur,
494 2034 631 2080 exhibeant.
643 2034 679 2080 lta
690 2032 714 2080 S.
729 2033 754 2079 G.
767 2034 796 2080 de
808 2034 857 2080 nen
869 2039 897 2078 21
912 2044 967 2080 nov,

173 2118 240 2157 1908:
254 2107 283 2157 A.
297 2114 326 2158 A.
340 2111 365 2157 S.
377 2125 400 2157 v,
415 2111 455 2171 lp.
470 2119 520 2158 154.
530 2112 706 2171 Eleemosynas
715 2112 824 2170 colligere
833 2112 905 2158 etiam
916 2123 969 2170 pos-

170 2192 227 2236 sunt
240 2202 283 2249 pro
296 2193 383 2236 ornatu
395 2193 418 2236 et
428 2189 597 2237 aedificatione
609 2204 709 2250 suarum
720 2191 887 2242 ecclesiarum,
900 2174 970 2249 prout
981 2219 984 2225 -

171 2269 265 2314 constat
282 2281 311 2313 en
327 2268 398 2315 laudr
411 2268 575 2316 Declaratioue
593 2268 771 2335 CommlPoclaf.
786 2268 817 2314 od
827 2267 924 2314 clabiam
937 2268 967 2314 X.

171 2347 259 2394 Utrum
278 2346 349 2399 liceat
370 2344 564 2395 Mendioantibns
587 2361 636 2395 non
658 2339 754 2394 tantum
777 2361 818 2408 per
838 2361 865 2393 se
892 2349 965 2406 ipsos,

170 2439 253 2474 verum
273 2427 347 2474 etiam
368 2426 487 2491 peralios
505 2428 622 2487 quaestus
641 2426 720 2491 iacere
739 2427 828 2487 absque
844 2425 985 2492 Ordinarii¹

170 2505 218 2551 ioci
228 2506 336 2559 licentia,
350 2518 399 2552 non
410 2505 512 2560 videtur,
526 2507 582 2565 qrria
593 2508 703 2565 quamvis
715 2498 799 2565 regula
807 2508 839 2552 sit
855 2508 882 2551 ut
900 2502 966 2564 quis-

171 2572 215 2644 que
224 2595 267 2643 per
279 2582 340 2629 elios
349 2582 633 2647 foocrepossc'tquodper
643 2581 744 2643 scipsum
757 2585 841 2643 *polest
861 2582 969 2640 discipli-

136 2677 140 2682 ’
170 2676 201 2709 na
217 2665 297 2729 tamen
315 2675 392 2722 usque
408 2661 488 2710 adhuc
504 2665 588 2721 vigens
603 2665 628 2708 et
643 2663 684 2709 cui
696 2664 759 2708 stare
771 2662 887 2717 debemus
895 2662 966 2720 Juxta

106 2777 112 2781 1
169 2743 345 2801 praescriptum
355 2740 420 2787 land.
433 2754 485 2789 can.
500 2748 552 2795 624,
566 2742 687 2789 contraria
698 2741 752 2788 luit.
762 2740 810 2789 Gir.
824 2740 967 2787 declaratio·

143 2855 145 2858 -
169 2832 223 2867 nem
235 2820 337 2865 citatam
349 2818 373 2865 S.
386 2817 412 2864 O.
425 2819 453 2866 de
465 2821 524 2875 Rei,
537 2833 561 2865 n.
574 2827 596 2866 a.
607 2819 671 2877 Quod
684 2823 754 2867 etiam
767 2822 863 2866 constat
876 2831 906 2863 ex
923 2830 968 2863 na-

170 2901 224 2960 tura
238 2897 313 2956 huius
327 2898 452 2956 privilegii,
465 2893 527 2958 quod
539 2900 605 2944 inter
617 2898 751 2957 personalia
763 2898 928 2961 computatur.
953 2929 954 2932 =

249 2996 362 3054 insuper
373 2996 506 3054 imponitur
516 2996 632 3055 obligatio
644 2997 750 3043 locorum
764 2993 900 3041 Ordinariis
911 2992 968 3039 alia·

113 3128 132 3140 .
169 3081 223 3122 rum
242 3073 399 3128 dioecesium,
419 3076 544 3134 praecipue
564 3064 732 3128 finitimarum,
757 3086 804 3120 non
828 3072 967 3131 denegandi

168 3167 211 3201 nec
228 3152 369 3208 revocandi,
384 3154 430 3199 nisi
444 3153 561 3212 gravibus
573 3154 596 3198 et
608 3146 752 3212 urgentibus
764 3152 792 3199 dc
804 3154 894 3205 causis,
907 3153 967 3216 puta

168 3246 196 3280 en
212 3232 321 3279 adversis
338 3234 444 3292 propriae
461 3231 578 3279 dioecesis
594 3232 726 3290 adjunctis,
742 3231 864 3277 licentiam
878 3232 966 3290 stipem
