2091 3569
169 264 215 304 122
389 256 759 305 11222222222222222222222
823 289 825 293 «
846 252 849 260 ’

170 389 328 436 litationibus
339 387 453 443 2121121212,
467 388 635 444 1222222222,
648 404 732 450 perse,
745 390 783 437 vel
797 404 837 449 per
848 391 963 446 21122221

115 479 118 485 “
153 520 154 523 ,
170 468 244 515 fuerit
256 468 364 526 legitime
378 466 520 528 impeditus
528 467 558 523 (2.
572 470 634 526 oti).
646 469 694 515 Nee
705 482 749 514 exo
750 467 813 515 ludit
804 471 843 515 tm·
855 468 963 528 2122222.-

170 547 318 606 demmspac
321 545 417 593 1122222
427 547 567 616 visitatione
578 549 629 606 ipsa
647 546 788 603 monialium
801 548 964 618 2122222222
938 550 964 594 22
969 577 971 584 1

171 626 255 672 consta
257 625 307 670 tex
318 637 371 672 can
373 629 428 671 603
439 638 491 684 par
506 632 530 671 2

213 719 284 779 ··.2)
315 720 756 793 Ρ22122222111222Ο22112221222212122222
777 725 875 769 tenetur
887 734 963 782 2222-

167 796 262 844 ’2122222
253 797 343 845 222222
345 797 386 846 222
391 799 523 876 2222222222,
540 813 588 847 non
600 815 670 848 22222
681 814 708 847 22
722 800 838 860 parochos
850 800 955 847 saecu
949 826 966 835 .,

171 890 217 932 res,
229 877 308 936 quoad
321 891 347 924 ea
363 871 443 926 omnia
460 892 521 951 qnae
533 879 563 926 ad
572 880 706 950 regularem
718 881 853 927 2122222222·
837 883 895 926 itam
913 891 961 925 222

170 958 294 1014 perinent
305 958 334 1013 (2.
348 963 387 1004 232
402 971 450 1017 par
467 960 498 1015 1)ss
505 958 591 1018 Igitur
602 962 744 1017 inmergere
758 960 832 1005 etiam
843 959 921 1016 poest
935 970 963 1002 22

171 1047 233 1093 2222
252 1034 282 1082 ad
301 1035 396 1094 parochi
416 1049 496 1083 mores
515 1041 538 1082 21
555 1035 721 1096 exemplarem
729 1035 829 1083 vivendi
846 1049 870 1082 22
872 1036 963 1081 tionem

133 1131 134 1134 ¹
171 1114 293 1172 spectent,
311 1114 471 1174 (proindeque
483 1114 513 1161 ad
526 1113 639 1175 Episcopi
647 1116 688 1175 Jus
699 1118 721 1161 et
732 1114 838 1162 officium
850 1113 965 1183 22211222,

166 1204 199 1238 ea
211 1193 333 1239 occasione
349 1195 493 1248 examinare,
511 1206 541 1240 22
558 1194 630 1241 212212
642 1193 746 1253 legitimo
757 1192 880 1252 >parochus
891 1180 974 1258 etiam

171 1264 289 1328 regularis
300 1272 434 1319 animarum
444 1285 530 1337 eurem
541 1272 701 1327 exerceat,·an
716 1272 862 1319 residentiae
880 1269 918 1315 lex
935 1269 963 1315 ab
1008 1290 1009 1294 ¹

171 1350 199 1394 eo
211 1347 418 1397 observataiueril
429 1353 502 1410 atque
513 1349 659 1404 2122222222
672 1364 701 1396 22
713 1351 741 1396 ad
753 1346 881 1408 Synodum
897 1359 962 1393 roca·
1003 1413 1004 1416 Ἴ

166 1422 211 1473 ’222
222 1427 309 1483 iverit:
318 1442 348 1475 an
359 1418 560 1508 congregationes
576 1442 620 1475 222
636 1427 796 1475 222122222122
813 1430 887 1485 super
899 1425 963 1471 2221-

173 1505 218 1552 bus
234 1504 396 1554 222221221122
414 1506 498 1579 haberi
510 1507 592 1554 22112222
603 1506 747 1566 frequentet,
742 1520 790 1552 ·an
803 1518 884 1555 onera
903 1515 963 1562 2222

172 1580 312 1631 2222221222
324 1574 460 1633 2221222222
472 1587 539 1639 cura,
549 1585 738 1663 adimpleverit..
737 1578 880 1649 ..denique
881 1595 912 1628 22
925 1595 963 1641 pa·

172 1663 262 1708 rochus
272 1662 335 1721 apud
348 1677 372 1709 22
382 1668 433 1710 2222
434 1677 445 1709 2
423 1663 556 1711 tordinat
548 1660 588 1709 tos
598 1667 633 1710 ret
634 1665 725 1710 122222
689 1664 803 1710 21112222
793 1667 846 1709 tuni
859 1663 963 1720 12222122

172 1742 330 1795 2222221222
346 1755 411 1789 sacro
427 1741 567 1789 Olirlsmate
582 1742 783 1797 confirmatorum,
799 1740 874 1787 libros
890 1740 962 1785 etiam
981 1742 982 1746 ’

174 1817 390 1879 inatrimoniorum
411 1823 434 1865 et
454 1822 536 1867 222222
554 1823 698 1876 animarum,
718 1820 817 1880 (quibus
838 1817 964 1864 addendus

171 1901 207 1942 est
221 1910 287 1953 2222
299 1897 358 1946 liber·
371 1898 543 1946 defunctorum
554 1914 575 1946 c.
584 1906 632 1955 ,420
644 1914 692 1959 par.¹
707 1902 766 1956 12...
783 1885 853 1944 Licet
863 1896 962 1956 Episco-

97 2034 100 2044 ]
162 1988 211 2035 po,
227 1976 266 2022 uel
282 1978 362 2035 potius
377 1978 423 2036 ipsi
439 1978 576 2037 specialiter
587 1979 794 2036 incumbit-ipsius
808 1974 909 2036 parochi
920 1975 963 2020 ’222

127 2041 130 2046 ’
172 2056 259 2107 curati,
272 2056 344 2101 etiam
354 2056 479 2115 regularis,
498 2058 573 2102 vitam
590 2069 617 2102 22
629 2070 705 2103 mores
717 2057 829 2122 22222221,
843 2045 965 2113 quatenus

172 2152 208 2194 22,
231 2133 296 2198 quae
309 2130 372 2187 extra
391 2141 526 2189 claustrum
545 2141 686 2200 prodierint,
706 2143 805 2188 rectoris
816 2133 963 2194 γ2212222222

73 2233 75 2237 ’
120 2275 122 2280 .
172 2218 285 2277 22222212,
301 2218 430 2277 plurimum
449 2219 561 2266 conie'rne
577 2220 707 2279 adpopuli
720 2219 910 2267 aedificationem
928 2216 963 2262 vel
1028 2214 1032 2220 ’

172 2299 256 2343 contra
273 2298 348 2345 eidem
363 2297 445 2346 obesse
457 2299 561 2345 maxime
573 2301 735 2360 possuntne.
748 2298 843 2353 (Gonst
852 2294 965 2356 Flamon-

172 2373 218 2429 2122,
236 2375 294 2422 Ben.
312 2364 376 2433 VIV,
394 2385 406 2423 8
422 2362 834 2438 12122222111744,22.12221211,111,
849 2371 868 2434 p'.
880 2378 962 2428 393-4,

172 2467 233 2513 2222
246 2455 396 2502 etlamhodie
407 2458 528 2515 optimum
539 2458 667 2502 constituit
677 2455 887 2514 interpretationis
896 2453 964 2500 crite-

171 2533 245 2579 rium.
273 2535 389 2580 Attamen·
411 2536 468 2581 sciri
485 2534 564 2589 debet,
574 2535 645 2593 Juxta
657 2535 832 2594 praescriptum
842 2544 896 2577 222.
911 2536 963 2584 822,

168 2613 245 2670 22222
258 2598 362 2659 officium
384 2613 535 2672 advigilandi
548 2616 576 2659 ut
589 2626 661 2660 onera
676 2613 801 2660 Missar'nm
814 2611 964 2669 adimplean-

172 2686 380 2752 mainecciesns
399 2687 558 2758 regularium,
579 2699 674 2744 etiamsi
693 2684 834 2757 paroeciales
851 2697 910 2749 2122,
926 2694 973 2765 221

172 2790 223 2823 222
234 2775 340 2823 adnexae
356 2777 438 2824 domui
452 2778 559 2836 regulari
578 2776 632 2834 (cir.
653 2791 674 2823 2.
691 2779 751 2833 479),
767 2777 796 2822 ad
812 2775 963 2834 Superiorem
990 2840 991 2843 Ἴ

171 2857 310 2915 exemptum
323 2858 448 2915 periinere;
461 2859 503 2904 cui
516 2857 605 2921 pariter
616 2856 661 2903 soli
669 2856 781 2915 competit
792 2854 924 2911 recognitio
932 2851 965 2897 li-
997 2844 998 2849 ’

172 2935 283 2989 brorum,
296 2926 590 3000 inquibusadnotantu1·,
604 2934 633 2981 ad
646 2947 754 2982 normam
766 2946 822 2980 can.
839 2938 891 2986 843,
901 2931 964 2977 'llis'

172 3028 255 3062 sarum
277 3016 422 3073 receptarum
441 3028 569 3067 22212222,
589 3015 699 3068 intentio,
720 3012 875 3069 eleemosyna
893 3010 965 3068 22222
990 3026 993 3032 ·

172 3092 309 3151 celebratio.
322 3092 385 3149 Quae
394 3094 474 3139 omnia
483 3092 600 3152 applicari
612 3099 705 3151 quoque
714 3091 798 3137 debent
811 3089 927 3135 oneribus
937 3101 966 3134 ex
1029 3120 1031 3123 .

160 3175 219 3237 piis
231 3176 414 3224 fundationibus
427 3176 626 3237 provenientibus
640 3176 668 3223 dc
680 3175 767 3236 quibus
778 3176 804 3220 in
818 3186 872 3220 222.
893 3178 965 3243 15214-
979 3221 981 3228 ,

173 3263 210 3310 ci,
224 3259 250 3303 22
261 3258 355 3304 conciat
371 3271 398 3302 cx
412 3269 463 3304 222.
486 3262 551 3302 15511.
571 3254 752 3314 Consequenter
766 3254 796 3300 od
810 3253 868 3299 12222
884 3264 965 3310 praes-
