2091 3569
278 267 318 314 [lu
328 280 650 316 EXEMPTIONEREGULARIUM
825 274 867 315 145

74 399 195 457 electrica)
207 402 354 446 commatum
360 400 452 460 possint
470 407 498 460 (a.
511 407 575 455 1271,
587 403 627 447 cui
637 403 751 460 praeierat
763 401 825 457 decr.
840 400 863 446 S.

76 478 104 524 lt:
127 476 153 524 G.
179 485 206 525 141
223 481 267 541 jul.
291 485 356 526 1864:
374 481 448 526 'Daca
471 479 590 527 Aretho,
613 484 689 535 arath
713 482 866 540 item‘parere

74 557 163 603 debent
189 558 310 618 regulares
333 559 536 608 instructionibus
556 573 570 606 a
589 558 639 605 loci
659 558 785 605 Ordinatio
804 558 866 605 datis

17 641 19 649 ’
75 634 138 680 circa
158 637 330 697 >retractationem
350 637 481 684 hostiorum
500 638 692 684 roaaacrmtnrma
709 644 737 696 tc.
752 639 827 694 1272),
840 638 865 683 in
921 633 922 636 ’

48 764 49 768 Ἰ
73 727 123 773 quo
135 715 232 774 amplior
243 715 346 763 facultas
357 718 403 776 ipsi
414 717 523 764 aCodiee
534 716 653 763 tribuitur
663 703 735 775 ¹quam
747 717 786 775 jas
796 718 865 761 uetus

73 793 207 841 contulerat
231 795 284 849 (cfr.
298 796 350 848 dcc.
371 794 396 842 S.
409 796 436 843 R,
450 795 484 851 (t,
501 803 525 842 12
537 797 598 855 sept.
614 800 682 847 1864,
695 808 716 841 n.
729 796 805 851 3621.)
825 793 865 851 B.)

13 905 16 908 -
73 870 157 927 Quoad
176 871 341 932 expositionem
365 875 418 920 Vra.
432 873 584 939 Sacramentt,
595 875 616 919 si
638 872 696 919 haec
714 870 863 933 pathmum,

75 949 139 1008 quod
163 951 254 1009 quidem
275 954 383 999 nronnisi
403 954 505 1012 exJ'usta
515 942 516 945 ¹
525 956 548 998 et
555 951 628 1011 praet
640 964 713 1017 causa
725 952 865 1011 praesertim

45 1022 46 1025 ’
74 1027 168 1086 publica
182 1027 232 1075 lieri
244 1030 315 1086 lieet,
336 1032 468 1093 requiritur
479 1044 612 1078 consensus
624 1030 670 1078 loci
682 1028 808 1083 Ordinarii,
821 1043 864 1075 ex-

72 1107 142 1164 cepta
160 1109 251 1167 integra
271 1111 357 1157 octava
366 1109 429 1174 testi
441 1100 551 1169 Corporis
563 1106 666 1163 Christi,
680 1107 768 1168 quibus
781 1106 864 1154 dicbus

73 1184 137 1230 inter
158 1187 284 1234 Missurum
307 1188 436 1235 sollemnia
458 1191 480 1234 et
504 1187 533 1234 ad
559 1187 680 1247 Vesperas
702 1188 727 1232 in
753 1186 864 1233 omuibus

71 1263 182 1311 ecclesiis
193 1268 309 1326 expositio
328 1266 425 1326 publica
437 1266 486 1314 fieri
498 1268 575 1335 potest
585 1268 640 1312 sine
652 1266 749 1313 licentia
761 1264 863 1324 Episeo-
939 1327 941 1330 ἵ

74 1342 98 1400 pi
109 1342 140 1398 tc.
160 1349 216 1390 1274
228 1357 277 1404 par.
294 1347 316 1399 1)
333 1346 378 1392 Hic
391 1358 467 1392 canon
479 1345 549 1392 reiert
561 1345 688 1404 antiquam
700 1344 861 1403 disciplinam,

38 1459 39 1464 ,
70 1419 129 1466 licet
151 1435 197 1469 non
217 1436 244 1469 cx
262 1424 368 1482 integro:
387 1425 429 1482 jus
442 1437 550 1483 namque
562 1424 633 1469 vatus
646 1423 744 1469 minime
755 1422 864 1480 exigebat

71 1512 169 1557 gravem
187 1514 284 1547 oausam
305 1516 346 1561 pro
368 1502 463 1561 publica
481 1502 642 1562 expositione,
663 1500 787 1547 sufficiens
798 1501 862 1546 enim

71 1575 125 1621 erat
135 1590 207 1623 causa
218 1582 318 1637 quaevis
326 1580 395 1639 Justa
407 1583 429 1625 et
441 1581 543 1645 publica,
556 1580 643 1635 Immo,
657 1583 685 1625 ut
696 1579 811 1638 expositio
823 1577 863 1623 iic-
886 1588 887 1592 ’

73 1643 108 1699 ret
119 1656 189 1704 etiam
202 1669 270 1715 saepe
282 1659 306 1703 in
322 1659 479 1707 ecclesiisve]
491 1661 599 1705 oratoriis
611 1658 785 1716 religiosarum,
803 1657 861 1701 satis

71 1734 214 1781 censebatur
232 1725 291 1782 ratio
319 1736 452 1784 devotionis
471 1729 685 1784 sact'imonialium.
707 1737 740 1792 (1)
759 1734 862 1781 Notatur

71 1813 162 1869 oportet
182 1816 355 1872 expositionem
379 1816 508 1874 publicam,
525 1816 597 1874 Juxta
616 1814 779 1861 definitionem
795 1812 861 1858 laud..
889 1847 891 1852 .
938 1832 939 1840 ¹

34 1947 35 1951 Ἰ
72 1902 130 1942 can,
144 1890 206 1937 illam
227 1894 307 1939 vocari
327 1893 424 1953 quaefit
438 1883 862 1950 cumartmaortb,secusprivatar‘n
936 1947 947 1950 Δ,
1007 1947 1010 1954 ¹

69 1968 174 2027 apellari.
195 1970 264 2017 Unde
283 1971 387 2019 infertur
406 1974 512 2032 amplius·
526 1973 643 2019 sustineri
664 1984 714 2017 non
728 1983 797 2029 posse
809 1983 862 2041 seu·
893 1961 894 1964 ¹

70 2047 171 2094 tentiam
183 2048 211 2094 cl.
225 2049 342 2104 Ferraris,
355 2051 468 2110 quicum
479 2051 561 2106 Bouix,
574 2049 643 2111 up.
656 2056 700 2097 213
709 2052 733 2097 et
745 2050 862 2097 Buoccro·

71 2125 106 2177 ni,
127 2125 246 2172 decretum
268 2126 289 2173 S.
313 2129 339 2174 R.
353 2128 389 2183 Os,
403 2135 429 2175 31
443 2131 499 2177 maii
512 2136 576 2184 1642,
592 2142 616 2175 n.
631 2136 682 2183 800,
696 2142 742 2188 quo
753 2128 859 2175 declaran
905 2167 907 2172 .
980 2152 987 2173 ,-

70 2204 123 2248 tum
141 2203 188 2249 luit
207 2216 272 2250 «non
292 2206 365 2253 licere
376 2207 526 2271 regularibus
538 2209 612 2254 etiam
624 2210 649 2255 in
663 2221 745 2273 eorum
759 2206 861 2265 propriis

69 2281 178 2335 ecelesiis
197 2283 236 2331 SS.
250 2284 418 2332 Eucharistiae
427 2285 613 2333 Sacramentum
624 2284 703 2341 polam
714 2280 861 2331 adorandum

35 2355 36 2358 ’
68 2372 192 2417 exponere,
206 2363 252 2409 nisi
267 2376 381 2410 excausa
394 2364 489 2423 publica
502 2378 560 2424 quae
572 2364 672 2424 probata
681 2364 711 2409 sit
723 2363 753 2409 ab
762 2361 862 2408 Ordina-

69 2441 158 2494 r·io;..»,
173 2454 216 2486 nan
228 2442 450 2501 interpretabantur
462 2443 490 2489 de
501 2457 568 2498 casu,
582 2456 629 2503 quo
640 2455 681 2508 pro
693 2430 861 2499 solisreligio-

67 2519 102 2562 sis
112 2520 136 2585 et
145 2513 354 2576 januis'ecclcsiae
367 2521 455 2568 clausis
466 2522 610 2568 eucharistia
623 2507 748 2567 inthrono
760 2531 861 2577 expone·
873 2518 875 2521 ’

58 2596 201 2644 retur-Cin
213 2597 359 2653 Wernaiil,
374 2607 456 2654 nasa,
470 2602 525 2646 nota
535 2606 588 2653 235,
600 2601 642 2659 qui
654 2599 715 2645 hanc
725 2598 860 2657 opinionem

68 2687 113 2720 sua
126 2676 289 2732 probabilitate
304 2691 353 2722 nou
364 2691 445 2724 carere
457 2680 549 2725 asserit.
568 2679 604 2725 Ad
615 2676 736 2737 prtaatom
756 2690 809 2722 vero
822 2689 861 2721 cx·

68 2755 212 2811 positionem
231 2756 280 2811 (cui
298 2764 345 2802 nco
367 2756 454 2812 obstat,
467 2760 487 2804 si
499 2770 564 2804 sacra
588 2758 660 2815 pyxis
673 2754 822 2802 solummodo
834 2752 861 2798 ia

66 2830 115 2890 liam
134 2835 287 2893 expositionis
308 2848 328 2879 e·
340 2836 495 2882 tabernaculo
513 2834 665 2889 extrahatur,
685 2836 711 2880 ut
725 2833 859 2882 benedictio
911 2863 913 2867 -

68 2923 122 2956 cuna
136 2926 167 2957 ss.
181 2916 333 2959 sacramento
351 2913 400 2960 dari
414 2917 494 2973 possit,
508 2915 603 2968 Werna,
614 2913 630 2959 l.
644 2927 662 2960 c·
677 2916 726 2958 not.
740 2915 800 2967 232),
810 2925 859 2958 mm

68 2991 200 3049 requiritur
220 2991 321 3038 licentia
353 2992 472 3052 Episcopi.
494 2992 601 3057 raonem
630 2994 656 3044 in
683 2990 859 3050 supplicatione

115 3214 141 3261 p)
167 3214 858 3265 sc.accommodam.isse.a.aroatsopm,neapo-
891 3206 893 3210 ’
957 3192 958 3198 ’

69 3275 124 3310 Stilo.
135 3278 163 3309 nbi
172 3277 223 3309 mum
233 3266 330 3311 alterantur
339 3279 358 3310 ad
369 3290 411 3314 rem.
422 3285 438 3311 et
449 3280 513 3331 lloceh.
524 3279 556 3315 lll.
568 3293 584 3313 n.
596 3277 638 3312 830.
